<?xml version="1.0" encoding="UTF-8"?>
<!DOCTYPE html PUBLIC "-//W3C//DTD XHTML 1.0 Transitional//EN"
    "http://www.w3.org/TR/xhtml1/DTD/xhtml1-transitional.dtd">
<html xmlns="http://www.w3.org/1999/xhtml" xml:lang="en" lang="en">
 <head>
  <title>
</title>
<meta http-equiv="Content-Type" content="text/html;charset=utf-8" />
  <meta name='ocr-system' content='tesseract 3.04.00' />
  <meta name='ocr-capabilities' content='ocr_page ocr_carea ocr_par ocr_line ocrx_word'/>
</head>
<body>
  <div class='ocr_page' id='page_1' title='image "./ciuliicaesarisc03caesgoog_0266.png"; bbox 0 0 2310 4154; ppageno 0'>
   <div class='ocr_carea' id='block_1_1' title="bbox 254 66 1064 231">
    <p class='ocr_par' dir='ltr' id='par_1_1' title="bbox 254 66 1064 231">
     <span class='ocr_line' id='line_1_1' title="bbox 254 66 1064 231; baseline 0.009 -35"><span class='ocrx_word' id='word_1_1' title='bbox 254 66 1064 231; x_wconf 58' lang='lat' dir='ltr'><strong>„·aiaaar1·1.z.spaa</strong></span> 
     </span>
    </p>
   </div>
   <div class='ocr_carea' id='block_1_2' title="bbox 77 297 1138 1447">
    <p class='ocr_par' dir='ltr' id='par_1_2' title="bbox 77 297 1138 1447">
     <span class='ocr_line' id='line_1_2' title="bbox 77 297 1122 394; baseline 0 -21"><span class='ocrx_word' id='word_1_2' title='bbox 77 304 154 373; x_wconf 75' lang='lat' dir='ltr'><strong>sest</strong></span> <span class='ocrx_word' id='word_1_3' title='bbox 178 299 358 373; x_wconf 71' lang='lat' dir='ltr'><strong>camuros</strong></span> <span class='ocrx_word' id='word_1_4' title='bbox 382 298 584 389; x_wconf 84' lang='lat' dir='ltr'><strong>sperabant,</strong></span> <span class='ocrx_word' id='word_1_5' title='bbox 608 306 798 392; x_wconf 82' lang='lat' dir='ltr'><strong>propterea·</strong></span> <span class='ocrx_word' id='word_1_6' title='bbox 815 297 908 390; x_wconf 79' lang='lat' dir='ltr'><strong>quoa</strong></span> <span class='ocrx_word' id='word_1_7' title='bbox 935 325 1045 394; x_wconf 85' lang='lat' dir='ltr'><strong>neque</strong></span> <span class='ocrx_word' id='word_1_8' title='bbox 1107 362 1122 383; x_wconf 74' lang='lat'><strong>.‚</strong></span> 
     </span>
     <span class='ocr_line' id='line_1_3' title="bbox 77 388 1044 479; baseline 0 -19"><span class='ocrx_word' id='word_1_9' title='bbox 77 395 176 479; x_wconf 81' lang='lat' dir='ltr'><strong>lange</strong></span> <span class='ocrx_word' id='word_1_10' title='bbox 199 392 241 457; x_wconf 86' lang='lat' dir='ltr'><strong>ab</strong></span> <span class='ocrx_word' id='word_1_11' title='bbox 259 389 382 479; x_wconf 85' lang='lat' dir='ltr'><strong>oppida</strong></span> <span class='ocrx_word' id='word_1_12' title='bbox 397 396 509 463; x_wconf 82' lang='lat' dir='ltr'><strong>eastra</strong></span> <span class='ocrx_word' id='word_1_13' title='bbox 522 388 810 476; x_wconf 73' lang='lat' dir='ltr'><strong>Vercingetorigis</strong></span> <span class='ocrx_word' id='word_1_14' title='bbox 828 390 984 474; x_wconf 86' lang='lat' dir='ltr'><strong>aberant,</strong></span> <span class='ocrx_word' id='word_1_15' title='bbox 1006 401 1044 460; x_wconf 90' lang='lat' dir='ltr'><strong>et</strong></span> 
     </span>
     <span class='ocr_line' id='line_1_4' title="bbox 78 477 1047 570; baseline 0.003 -24"><span class='ocrx_word' id='word_1_16' title='bbox 78 483 178 569; x_wconf 75' lang='lat' dir='ltr'><strong>palus</strong></span> <span class='ocrx_word' id='word_1_17' title='bbox 192 487 371 570; x_wconf 76' lang='lat' dir='ltr'><strong>perpetua,</strong></span> <span class='ocrx_word' id='word_1_18' title='bbox 394 477 744 568; x_wconf 80' lang='lat' dir='ltr'><strong>quaeintercedebat,</strong></span> <span class='ocrx_word' id='word_1_19' title='bbox 756 479 925 546; x_wconf 86' lang='lat' dir='ltr'><strong>Romanos</strong></span> <span class='ocrx_word' id='word_1_20' title='bbox 935 480 982 556; x_wconf 79' lang='lat' dir='ltr'><strong>ad</strong></span> <span class='ocrx_word' id='word_1_21' title='bbox 994 483 1047 549; x_wconf 90' lang='lat' dir='ltr'><strong>in-</strong></span> 
     </span>
     <span class='ocr_line' id='line_1_5' title="bbox 79 558 1138 658; baseline -0.001 -23"><span class='ocrx_word' id='word_1_22' title='bbox 79 566 286 655; x_wconf 79' lang='lat' dir='ltr'><strong>sequendum</strong></span> <span class='ocrx_word' id='word_1_23' title='bbox 306 558 474 634; x_wconf 75' lang='lat' dir='ltr'><strong>tardribat.</strong></span> <span class='ocrx_word' id='word_1_24' title='bbox 504 564 654 652; x_wconf 85' lang='lat' dir='ltr'><strong>&#39;lamque</strong></span> <span class='ocrx_word' id='word_1_25' title='bbox 669 567 731 644; x_wconf 88' lang='lat' dir='ltr'><strong>boc</strong></span> <span class='ocrx_word' id='word_1_26' title='bbox 745 568 856 633; x_wconf 83' lang='lat' dir='ltr'><strong>iacere</strong></span> <span class='ocrx_word' id='word_1_27' title='bbox 871 576 972 634; x_wconf 89' lang='lat' dir='ltr'><strong>noctu</strong></span> <span class='ocrx_word' id='word_1_28' title='bbox 985 592 1045 658; x_wconf 88' lang='lat' dir='ltr'><strong>ap·</strong></span> <span class='ocrx_word' id='word_1_29' title='bbox 1136 578 1138 582; x_wconf 86' lang='grc'><strong>’</strong></span> 
     </span>
     <span class='ocr_line' id='line_1_6' title="bbox 79 654 1049 746; baseline 0.003 -25"><span class='ocrx_word' id='word_1_30' title='bbox 79 656 263 745; x_wconf 85' lang='lat' dir='ltr'><strong>parabant,</strong></span> <span class='ocrx_word' id='word_1_31' title='bbox 285 676 358 721; x_wconf 92' lang='lat' dir='ltr'><strong>eum</strong></span> <span class='ocrx_word' id='word_1_32' title='bbox 372 661 501 727; x_wconf 67' lang='lat' dir='ltr'><strong>matres¹</strong></span> <span class='ocrx_word' id='word_1_33' title='bbox 514 654 660 739; x_wconf 79' lang='lat' dir='ltr'><strong>familiae</strong></span> <span class='ocrx_word' id='word_1_34' title='bbox 674 663 812 746; x_wconf 88' lang='lat' dir='ltr'><strong>repente</strong></span> <span class='ocrx_word' id='word_1_35' title='bbox 825 655 860 720; x_wconf 92' lang='lat' dir='ltr'><strong>in</strong></span> <span class='ocrx_word' id='word_1_36' title='bbox 874 656 1049 743; x_wconf 85' lang='lat' dir='ltr'><strong>publicam</strong></span> 
     </span>
     <span class='ocr_line' id='line_1_7' title="bbox 79 740 1046 832; baseline 0 -20"><span class='ocrx_word' id='word_1_37' title='bbox 79 749 322 832; x_wconf 82' lang='lat' dir='ltr'><strong>procurrerunt</strong></span> <span class='ocrx_word' id='word_1_38' title='bbox 342 742 525 829; x_wconf 88' lang='lat' dir='ltr'><strong>flentesque</strong></span> <span class='ocrx_word' id='word_1_39' title='bbox 544 742 713 830; x_wconf 90' lang='lat' dir='ltr'><strong>proiectae</strong></span> <span class='ocrx_word' id='word_1_40' title='bbox 729 742 773 815; x_wconf 82' lang='lat' dir='ltr'><strong>ad</strong></span> <span class='ocrx_word' id='word_1_41' title='bbox 788 740 892 832; x_wconf 85' lang='lat' dir='ltr'><strong>pedes</strong></span> <span class='ocrx_word' id='word_1_42' title='bbox 900 756 1046 832; x_wconf 34' lang='lat' dir='ltr'><strong>,suorum</strong></span> 
     </span>
     <span class='ocr_line' id='line_1_8' title="bbox 80 828 1068 920; baseline 0 -23"><span class='ocrx_word' id='word_1_43' title='bbox 80 832 242 898; x_wconf 68' lang='lat' dir='ltr'><strong>omnibus*</strong></span> <span class='ocrx_word' id='word_1_44' title='bbox 251 828 407 920; x_wconf 88' lang='lat' dir='ltr'><strong>precibus</strong></span> <span class='ocrx_word' id='word_1_45' title='bbox 428 829 617 919; x_wconf 86' lang='lat' dir='ltr'><strong>petierunt,</strong></span> <span class='ocrx_word' id='word_1_46' title='bbox 639 830 681 897; x_wconf 82' lang='lat' dir='ltr'><strong>ne</strong></span> <span class='ocrx_word' id='word_1_47' title='bbox 699 850 736 896; x_wconf 90' lang='lat' dir='ltr'><strong>se</strong></span> <span class='ocrx_word' id='word_1_48' title='bbox 753 837 789 896; x_wconf 89' lang='lat' dir='ltr'><strong>et</strong></span> <span class='ocrx_word' id='word_1_49' title='bbox 801 851 991 899; x_wconf 85' lang='lat' dir='ltr'><strong>communes</strong></span> <span class='ocrx_word' id='word_1_50' title='bbox 1004 835 1048 899; x_wconf 86' lang='lat' dir='ltr'><strong>li·</strong></span> <span class='ocrx_word' id='word_1_51' title='bbox 1063 845 1068 859; x_wconf 89' lang='grc'><em>·</em></span> 
     </span>
     <span class='ocr_line' id='line_1_9' title="bbox 80 915 1048 1026; baseline 0.001 -40"><span class='ocrx_word' id='word_1_52' title='bbox 80 921 181 986; x_wconf 88' lang='lat' dir='ltr'><strong>beros</strong></span> <span class='ocrx_word' id='word_1_53' title='bbox 207 917 362 984; x_wconf 83' lang='lat' dir='ltr'><strong>hostibus</strong></span> <span class='ocrx_word' id='word_1_54' title='bbox 390 915 433 997; x_wconf 79' lang='lat' dir='ltr'><strong>ad</strong></span> <span class='ocrx_word' id='word_1_55' title='bbox 460 918 663 1007; x_wconf 90' lang='lat' dir='ltr'><strong>supplicium</strong></span> <span class='ocrx_word' id='word_1_56' title='bbox 691 915 870 1009; x_wconf 69' lang='lat' dir='ltr'><strong>dederent,</strong></span> <span class='ocrx_word' id='word_1_57' title='bbox 895 940 980 1026; x_wconf 80' lang='lat' dir='ltr'><strong>quos</strong></span> <span class='ocrx_word' id='word_1_58' title='bbox 1003 921 1048 987; x_wconf 85' lang='lat' dir='ltr'><strong>ad</strong></span> 
     </span>
     <span class='ocr_line' id='line_1_10' title="bbox 82 1005 1050 1096; baseline 0.001 -24"><span class='ocrx_word' id='word_1_59' title='bbox 82 1005 275 1096; x_wconf 85' lang='lat' dir='ltr'><strong>capiendam</strong></span> <span class='ocrx_word' id='word_1_60' title='bbox 299 1006 411 1090; x_wconf 84' lang='lat' dir='ltr'><strong>lugam</strong></span> <span class='ocrx_word' id='word_1_61' title='bbox 432 1012 572 1070; x_wconf 82' lang='lat' dir='ltr'><strong>naturae</strong></span> <span class='ocrx_word' id='word_1_62' title='bbox 595 1013 630 1071; x_wconf 92' lang='lat' dir='ltr'><strong>et</strong></span> <span class='ocrx_word' id='word_1_63' title='bbox 648 1006 771 1073; x_wconf 78' lang='lat' dir='ltr'><strong>virium</strong></span> <span class='ocrx_word' id='word_1_64' title='bbox 793 1005 972 1075; x_wconf 84' lang='lat' dir='ltr'><strong>infirmrtas</strong></span> <span class='ocrx_word' id='word_1_65' title='bbox 987 1007 1050 1073; x_wconf 89' lang='lat' dir='ltr'><strong>im-</strong></span> 
     </span>
     <span class='ocr_line' id='line_1_11' title="bbox 82 1090 1102 1185; baseline 0.003 -26"><span class='ocrx_word' id='word_1_66' title='bbox 82 1093 228 1185; x_wconf 84' lang='lat' dir='ltr'><strong>pediret.</strong></span> <span class='ocrx_word' id='word_1_67' title='bbox 274 1090 346 1160; x_wconf 85' lang='lat' dir='ltr'><strong>Ubi</strong></span> <span class='ocrx_word' id='word_1_68' title='bbox 374 1115 432 1159; x_wconf 91' lang='lat' dir='ltr'><strong>eas</strong></span> <span class='ocrx_word' id='word_1_69' title='bbox 458 1093 493 1159; x_wconf 91' lang='lat' dir='ltr'><strong>in</strong></span> <span class='ocrx_word' id='word_1_70' title='bbox 520 1095 688 1160; x_wconf 82' lang='lat' dir='ltr'><strong>sententia</strong></span> <span class='ocrx_word' id='word_1_71' title='bbox 707 1101 862 1183; x_wconf 86' lang='lat' dir='ltr'><strong>perstare</strong></span> <span class='ocrx_word' id='word_1_72' title='bbox 880 1095 1050 1178; x_wconf 82' lang='lat' dir='ltr'><strong>viderunt,</strong></span> <span class='ocrx_word' id='word_1_73' title='bbox 1099 1102 1102 1109; x_wconf 81' lang='grc'>’</span> 
     </span>
     <span class='ocr_line' id='line_1_12' title="bbox 105 1181 1053 1273; baseline 0.002 -25"><span class='ocrx_word' id='word_1_74' title='bbox 105 1181 172 1248; x_wconf 87' lang='lat' dir='ltr'><strong>nod</strong></span> <span class='ocrx_word' id='word_1_75' title='bbox 186 1183 382 1271; x_wconf 86' lang='lat' dir='ltr'><strong>plerumque</strong></span> <span class='ocrx_word' id='word_1_76' title='bbox 393 1182 427 1246; x_wconf 91' lang='lat' dir='ltr'><strong>in</strong></span> <span class='ocrx_word' id='word_1_77' title='bbox 440 1198 569 1248; x_wconf 86' lang='lat' dir='ltr'><strong>summo</strong></span> <span class='ocrx_word' id='word_1_78' title='bbox 583 1181 733 1273; x_wconf 88' lang='lat' dir='ltr'><strong>periculo</strong></span> <span class='ocrx_word' id='word_1_79' title='bbox 745 1183 849 1249; x_wconf 86' lang='lat' dir='ltr'><strong>timor</strong></span> <span class='ocrx_word' id='word_1_80' title='bbox 860 1182 1053 1250; x_wconf 86' lang='lat' dir='ltr'><strong>misericor·</strong></span> 
     </span>
     <span class='ocr_line' id='line_1_13' title="bbox 80 1206 1053 1359; baseline 0.003 -24"><span class='ocrx_word' id='word_1_81' title='bbox 80 1206 183 1336; x_wconf 64' lang='lat' dir='ltr'><strong>biam</strong></span> <span class='ocrx_word' id='word_1_82' title='bbox 194 1290 261 1345; x_wconf 90' lang='lat' dir='ltr'><strong>non</strong></span> <span class='ocrx_word' id='word_1_83' title='bbox 279 1268 418 1357; x_wconf 79' lang='lat' dir='ltr'><strong>recipit,</strong></span> <span class='ocrx_word' id='word_1_84' title='bbox 431 1271 648 1336; x_wconf 81' lang='lat' dir='ltr'><strong>conclamare</strong></span> <span class='ocrx_word' id='word_1_85' title='bbox 662 1277 699 1336; x_wconf 87' lang='lat' dir='ltr'><strong>ct</strong></span> <span class='ocrx_word' id='word_1_86' title='bbox 711 1271 902 1357; x_wconf 83' lang='lat' dir='ltr'><strong>significare</strong></span> <span class='ocrx_word' id='word_1_87' title='bbox 916 1270 957 1338; x_wconf 85' lang='lat' dir='ltr'><strong>de</strong></span> <span class='ocrx_word' id='word_1_88' title='bbox 970 1273 1053 1359; x_wconf 78' lang='lat' dir='ltr'><strong>iuga</strong></span> 
     </span>
     <span class='ocr_line' id='line_1_14' title="bbox 82 1355 1122 1447; baseline 0.003 -24"><span class='ocrx_word' id='word_1_89' title='bbox 82 1356 246 1424; x_wconf 83' lang='lat' dir='ltr'><strong>Romanis</strong></span> <span class='ocrx_word' id='word_1_90' title='bbox 265 1356 459 1443; x_wconf 84' lang='lat' dir='ltr'><strong>coeperunt.</strong></span> <span class='ocrx_word' id='word_1_91' title='bbox 511 1355 589 1442; x_wconf 74' lang='lat' dir='ltr'><strong>Qua</strong></span> <span class='ocrx_word' id='word_1_92' title='bbox 608 1357 729 1423; x_wconf 90' lang='lat' dir='ltr'><strong>timore</strong></span> <span class='ocrx_word' id='word_1_93' title='bbox 750 1360 925 1447; x_wconf 83' lang='lat' dir='ltr'><strong>perterriti</strong></span> <span class='ocrx_word' id='word_1_94' title='bbox 948 1359 1053 1443; x_wconf 83' lang='lat' dir='ltr'><strong>Galli,</strong></span> <span class='ocrx_word' id='word_1_95' title='bbox 1117 1374 1122 1395; x_wconf 60' lang='lat'><strong>&#39;¹</strong></span> 
     </span>
    </p>
   </div>
   <div class='ocr_carea' id='block_1_3' title="bbox 84 1441 1077 1602">
    <p class='ocr_par' dir='ltr' id='par_1_3' title="bbox 84 1441 1077 1602">
     <span class='ocr_line' id='line_1_15' title="bbox 84 1441 1077 1534; baseline -0.005 -22"><span class='ocrx_word' id='word_1_96' title='bbox 84 1467 127 1511; x_wconf 89' lang='lat' dir='ltr'><strong>ne</strong></span> <span class='ocrx_word' id='word_1_97' title='bbox 148 1443 190 1509; x_wconf 91' lang='lat' dir='ltr'><strong>ab</strong></span> <span class='ocrx_word' id='word_1_98' title='bbox 205 1441 366 1531; x_wconf 77' lang='lat' dir='ltr'><strong>&#39;equitatu</strong></span> <span class='ocrx_word' id='word_1_99' title='bbox 380 1441 607 1509; x_wconf 89' lang='lat' dir='ltr'><strong>Romanarum</strong></span> <span class='ocrx_word' id='word_1_100' title='bbox 623 1443 698 1511; x_wconf 83' lang='lat' dir='ltr'><strong>viae</strong></span> <span class='ocrx_word' id='word_1_101' title='bbox 713 1454 1055 1534; x_wconf 74' lang='lat' dir='ltr'><strong>praeoccuparentur,</strong></span> <span class='ocrx_word' id='word_1_102' title='bbox 1071 1498 1077 1507; x_wconf 93' lang='lat'><strong>.</strong></span> 
     </span>
     <span class='ocr_line' id='line_1_16' title="bbox 88 1527 607 1602; baseline -0.019 -2"><span class='ocrx_word' id='word_1_103' title='bbox 88 1532 229 1602; x_wconf 84' lang='lat' dir='ltr'><strong>consilio</strong></span> <span class='ocrx_word' id='word_1_104' title='bbox 249 1527 466 1597; x_wconf 85' lang='lat' dir='ltr'><strong>destiterunt.</strong></span> <span class='ocrx_word' id='word_1_105' title='bbox 605 1546 607 1551; x_wconf 89' lang='lat'>·</span> 
     </span>
    </p>
   </div>
   <div class='ocr_carea' id='block_1_4' title="bbox 86 1622 1153 2692">
    <p class='ocr_par' dir='ltr' id='par_1_4' title="bbox 86 1622 1153 2692">
     <span class='ocr_line' id='line_1_17' title="bbox 175 1622 1057 1724; baseline 0.001 -23"><span class='ocrx_word' id='word_1_106' title='bbox 175 1629 329 1715; x_wconf 83' lang='lat' dir='ltr'>XXVII.</span> <span class='ocrx_word' id='word_1_107' title='bbox 371 1628 515 1700; x_wconf 88' lang='lat' dir='ltr'><strong>Postero</strong></span> <span class='ocrx_word' id='word_1_108' title='bbox 528 1629 582 1698; x_wconf 85' lang='lat' dir='ltr'><strong>die</strong></span> <span class='ocrx_word' id='word_1_109' title='bbox 595 1628 723 1701; x_wconf 81' lang='lat' dir='ltr'><strong>caesar</strong></span> <span class='ocrx_word' id='word_1_110' title='bbox 733 1622 990 1724; x_wconf 56' lang='lat' dir='ltr'><strong>promota&#39;turri</strong></span> <span class='ocrx_word' id='word_1_111' title='bbox 1004 1633 1057 1702; x_wconf 81' lang='lat' dir='ltr'><strong>bi·</strong></span> 
     </span>
     <span class='ocr_line' id='line_1_18' title="bbox 88 1719 1056 1813; baseline 0.001 -21"><span class='ocrx_word' id='word_1_112' title='bbox 88 1723 259 1813; x_wconf 86' lang='lat' dir='ltr'><strong>rectisque</strong></span> <span class='ocrx_word' id='word_1_113' title='bbox 279 1719 457 1811; x_wconf 80' lang='lat' dir='ltr'><strong>operibus,</strong></span> <span class='ocrx_word' id='word_1_114' title='bbox 476 1740 562 1806; x_wconf 83' lang='lat' dir='ltr'><strong>quac</strong></span> <span class='ocrx_word' id='word_1_115' title='bbox 575 1719 687 1786; x_wconf 81' lang='lat' dir='ltr'><strong>tacere</strong></span> <span class='ocrx_word' id='word_1_116' title='bbox 702 1721 914 1806; x_wconf 85' lang='lat' dir='ltr'><strong>instituerat,</strong></span> <span class='ocrx_word' id='word_1_117' title='bbox 935 1745 1056 1810; x_wconf 84' lang='lat' dir='ltr'><strong>magno</strong></span> 
     </span>
     <span class='ocr_line' id='line_1_19' title="bbox 88 1807 1059 1898; baseline -0.003 -17"><span class='ocrx_word' id='word_1_118' title='bbox 88 1810 319 1881; x_wconf 85' lang='lat' dir='ltr'><strong>cacrto&#39;imbri</strong></span> <span class='ocrx_word' id='word_1_119' title='bbox 331 1829 397 1874; x_wconf 91' lang='lat' dir='ltr'><strong>non</strong></span> <span class='ocrx_word' id='word_1_120' title='bbox 408 1807 562 1875; x_wconf 68' lang='lat' dir='ltr'><strong>inutilem</strong></span> <span class='ocrx_word' id='word_1_121' title='bbox 574 1807 658 1883; x_wconf 85' lang='lat' dir='ltr'><strong>banc</strong></span> <span class='ocrx_word' id='word_1_122' title='bbox 676 1807 718 1876; x_wconf 84' lang='lat' dir='ltr'><strong>ad</strong></span> <span class='ocrx_word' id='word_1_123' title='bbox 734 1809 930 1898; x_wconf 83' lang='lat' dir='ltr'><strong>capiendum</strong></span> <span class='ocrx_word' id='word_1_124' title='bbox 946 1814 1059 1881; x_wconf 90' lang='lat' dir='ltr'><strong>consi-</strong></span> 
     </span>
     <span class='ocr_line' id='line_1_20' title="bbox 88 1896 1153 1989; baseline -0.001 -21"><span class='ocrx_word' id='word_1_125' title='bbox 88 1903 173 1981; x_wconf 74' lang='lat' dir='ltr'><strong>lium</strong></span> <span class='ocrx_word' id='word_1_126' title='bbox 188 1900 422 1988; x_wconf 83' lang='lat' dir='ltr'><strong>tempestatem</strong></span> <span class='ocrx_word' id='word_1_127' title='bbox 436 1896 632 1978; x_wconf 85' lang='lat' dir='ltr'><strong>arbitratus,</strong></span> <span class='ocrx_word' id='word_1_128' title='bbox 653 1896 745 1985; x_wconf 84' lang='lat' dir='ltr'><strong>quod</strong></span> <span class='ocrx_word' id='word_1_129' title='bbox 759 1899 874 1987; x_wconf 79' lang='lat' dir='ltr'><strong>paullo</strong></span> <span class='ocrx_word' id='word_1_130' title='bbox 887 1899 1057 1988; x_wconf 77' lang='lat' dir='ltr'><strong>incautius</strong></span> <span class='ocrx_word' id='word_1_131' title='bbox 1081 1896 1096 1989; x_wconf 46' lang='lat' dir='ltr'>J</span> <span class='ocrx_word' id='word_1_132' title='bbox 1151 1908 1153 1915; x_wconf 89' lang='lat'>&#39;</span> 
     </span>
     <span class='ocr_line' id='line_1_21' title="bbox 90 1982 1058 2076; baseline -0.003 -21"><span class='ocrx_word' id='word_1_133' title='bbox 90 1985 264 2071; x_wconf 74' lang='lat' dir='ltr'><strong>custodias</strong></span> <span class='ocrx_word' id='word_1_134' title='bbox 285 1987 322 2052; x_wconf 92' lang='lat' dir='ltr'><strong>in</strong></span> <span class='ocrx_word' id='word_1_135' title='bbox 335 2006 431 2051; x_wconf 83' lang='lat' dir='ltr'><strong>muro</strong></span> <span class='ocrx_word' id='word_1_136' title='bbox 452 1982 636 2073; x_wconf 85' lang='lat' dir='ltr'><strong>dispositas</strong></span> <span class='ocrx_word' id='word_1_137' title='bbox 651 1983 806 2067; x_wconf 73' lang='lat' dir='ltr'><strong>urebat,</strong></span> <span class='ocrx_word' id='word_1_138' title='bbox 827 2007 908 2053; x_wconf 85' lang='lat' dir='ltr'><strong>suos</strong></span> <span class='ocrx_word' id='word_1_139' title='bbox 922 2007 1058 2076; x_wconf 86' lang='lat' dir='ltr'><strong>quaque</strong></span> 
     </span>
     <span class='ocr_line' id='line_1_22' title="bbox 88 2071 1060 2162; baseline 0 -18"><span class='ocrx_word' id='word_1_140' title='bbox 88 2072 283 2161; x_wconf 71' lang='lat' dir='ltr'><strong>languidius</strong></span> <span class='ocrx_word' id='word_1_141' title='bbox 303 2074 338 2139; x_wconf 93' lang='lat' dir='ltr'><strong>in</strong></span> <span class='ocrx_word' id='word_1_142' title='bbox 350 2093 451 2162; x_wconf 80' lang='lat' dir='ltr'><strong>opere</strong></span> <span class='ocrx_word' id='word_1_143' title='bbox 464 2071 594 2140; x_wconf 82' lang='lat' dir='ltr'><strong>versari</strong></span> <span class='ocrx_word' id='word_1_144' title='bbox 605 2071 709 2140; x_wconf 87' lang='lat' dir='ltr'><strong>iussit</strong></span> <span class='ocrx_word' id='word_1_145' title='bbox 720 2083 756 2140; x_wconf 87' lang='lat' dir='ltr'><strong>et</strong></span> <span class='ocrx_word' id='word_1_146' title='bbox 769 2072 851 2162; x_wconf 79' lang='lat' dir='ltr'><strong>quid</strong></span> <span class='ocrx_word' id='word_1_147' title='bbox 868 2074 944 2142; x_wconf 87' lang='lat' dir='ltr'><strong>fieri</strong></span> <span class='ocrx_word' id='word_1_148' title='bbox 954 2077 1060 2144; x_wconf 82' lang='lat' dir='ltr'><strong>vellet</strong></span> 
     </span>
     <span class='ocr_line' id='line_1_23' title="bbox 88 2159 1059 2251; baseline -0.001 -19"><span class='ocrx_word' id='word_1_149' title='bbox 88 2161 249 2249; x_wconf 78' lang='lat' dir='ltr'><strong>ostendit.</strong></span> <span class='ocrx_word' id='word_1_150' title='bbox 291 2160 457 2249; x_wconf 76' lang='lat' dir='ltr'><strong>Legiones</strong></span> <span class='ocrx_word' id='word_1_151' title='bbox 478 2161 570 2227; x_wconf 87' lang='lat' dir='ltr'><strong>intra</strong></span> <span class='ocrx_word' id='word_1_152' title='bbox 587 2159 700 2228; x_wconf 73' lang='lat' dir='ltr'><strong>vineas</strong></span> <span class='ocrx_word' id='word_1_153' title='bbox 718 2161 753 2244; x_wconf 84' lang='lat' dir='ltr'><strong>in</strong></span> <span class='ocrx_word' id='word_1_154' title='bbox 771 2163 903 2230; x_wconf 88' lang='lat' dir='ltr'><strong>o&#39;ceulta</strong></span> <span class='ocrx_word' id='word_1_155' title='bbox 922 2163 1059 2251; x_wconf 85' lang='lat' dir='ltr'><strong>expedi-</strong></span> 
     </span>
     <span class='ocr_line' id='line_1_24' title="bbox 86 2242 1059 2340; baseline -0.001 -20"><span class='ocrx_word' id='word_1_156' title='bbox 86 2244 149 2320; x_wconf 24' lang='lat' dir='ltr'><strong>‘aas&#39;</strong></span> <span class='ocrx_word' id='word_1_157' title='bbox 170 2242 383 2333; x_wconf 81' lang='lat' dir='ltr'><strong>cohortatur,</strong></span> <span class='ocrx_word' id='word_1_158' title='bbox 410 2254 451 2316; x_wconf 91' lang='lat' dir='ltr'><strong>nt</strong></span> <span class='ocrx_word' id='word_1_159' title='bbox 473 2246 651 2335; x_wconf 84' lang='lat' dir='ltr'><strong>aliquando</strong></span> <span class='ocrx_word' id='word_1_160' title='bbox 671 2270 734 2340; x_wconf 89' lang='lat' dir='ltr'><strong>pro</strong></span> <span class='ocrx_word' id='word_1_161' title='bbox 758 2250 863 2318; x_wconf 86' lang='lat' dir='ltr'><strong>tantis</strong></span> <span class='ocrx_word' id='word_1_162' title='bbox 879 2251 1059 2319; x_wconf 85' lang='lat' dir='ltr'><strong>laboribus</strong></span> 
     </span>
     <span class='ocr_line' id='line_1_25' title="bbox 93 2338 1060 2426; baseline -0.003 -20"><span class='ocrx_word' id='word_1_163' title='bbox 93 2343 240 2419; x_wconf 84' lang='lat' dir='ltr'><strong>fructum</strong></span> <span class='ocrx_word' id='word_1_164' title='bbox 258 2339 418 2406; x_wconf 87' lang='lat' dir='ltr'><strong>victoriae</strong></span> <span class='ocrx_word' id='word_1_165' title='bbox 437 2339 669 2426; x_wconf 79' lang='lat' dir='ltr'><strong>perciperent3</strong></span> <span class='ocrx_word' id='word_1_166' title='bbox 696 2338 769 2416; x_wconf 89' lang='lat' dir='ltr'><strong>his,</strong></span> <span class='ocrx_word' id='word_1_167' title='bbox 789 2340 847 2425; x_wconf 87' lang='lat' dir='ltr'><strong>qni</strong></span> <span class='ocrx_word' id='word_1_168' title='bbox 865 2339 968 2424; x_wconf 89' lang='lat' dir='ltr'><strong>primi</strong></span> <span class='ocrx_word' id='word_1_169' title='bbox 985 2357 1060 2404; x_wconf 85' lang='lat' dir='ltr'><strong>mu-</strong></span> 
     </span>
     <span class='ocr_line' id='line_1_26' title="bbox 93 2424 1063 2513; baseline -0.002 -18"><span class='ocrx_word' id='word_1_170' title='bbox 93 2449 170 2495; x_wconf 86' lang='lat' dir='ltr'><strong>rum</strong></span> <span class='ocrx_word' id='word_1_171' title='bbox 183 2424 448 2503; x_wconf 85' lang='lat' dir='ltr'><strong>asscendissent,</strong></span> <span class='ocrx_word' id='word_1_172' title='bbox 471 2424 620 2508; x_wconf 85' lang='lat' dir='ltr'><strong>praemia</strong></span> <span class='ocrx_word' id='word_1_173' title='bbox 634 2426 812 2512; x_wconf 88' lang='lat' dir='ltr'><strong>proposuit</strong></span> <span class='ocrx_word' id='word_1_174' title='bbox 831 2425 1063 2513; x_wconf 87' lang='lat' dir='ltr'><strong>militibusque</strong></span> 
     </span>
     <span class='ocr_line' id='line_1_27' title="bbox 94 2510 1132 2672; baseline 0.006 -90"><span class='ocrx_word' id='word_1_175' title='bbox 94 2517 228 2672; x_wconf 72' lang='lat' dir='ltr'><strong>pignum</strong></span> <span class='ocrx_word' id='word_1_176' title='bbox 237 2510 367 2665; x_wconf 58' lang='lat' dir='ltr'><strong>oedbiu</strong></span> <span class='ocrx_word' id='word_1_177' title='bbox 389 2510 639 2667; x_wconf 45' lang='grc' dir='ltr'><strong>ΙΙΙίθειῦιὲειίῑε·ἓξἱ</strong></span> <span class='ocrx_word' id='word_1_178' title='bbox 649 2510 803 2667; x_wconf 53' lang='lat' dir='ltr'><strong>prpnpibperp</strong></span> <span class='ocrx_word' id='word_1_179' title='bbox 814 2512 970 2667; x_wconf 61' lang='lat' dir='ltr'><strong>parttibus</strong></span> <span class='ocrx_word' id='word_1_180' title='bbox 984 2536 1062 2584; x_wconf 85' lang='lat' dir='ltr'><strong>ero·</strong></span> <span class='ocrx_word' id='word_1_181' title='bbox 1129 2580 1132 2588; x_wconf 90' lang='lat'><em>.</em></span> 
     </span>
     <span class='ocr_line' id='line_1_28' title="bbox 111 2620 916 2692; baseline -0.005 -21"><span class='ocrx_word' id='word_1_182' title='bbox 111 2622 236 2671; x_wconf 87' lang='lat' dir='ltr'><strong>averun</strong></span> <span class='ocrx_word' id='word_1_183' title='bbox 269 2620 302 2664; x_wconf 91' lang='lat' dir='ltr'><strong>m</strong></span> <span class='ocrx_word' id='word_1_184' title='bbox 368 2620 447 2689; x_wconf 87' lang='lat' dir='ltr'><strong>mqu</strong></span> <span class='ocrx_word' id='word_1_185' title='bbox 483 2666 486 2671; x_wconf 86' lang='grc'><em>,</em></span> <span class='ocrx_word' id='word_1_186' title='bbox 534 2620 584 2666; x_wconf 84' lang='lat' dir='ltr'><strong>ern</strong></span> <span class='ocrx_word' id='word_1_187' title='bbox 711 2620 749 2692; x_wconf 35' lang='lat' dir='ltr'><strong>&#39;P</strong></span> <span class='ocrx_word' id='word_1_188' title='bbox 803 2620 916 2676; x_wconf 86' lang='lat' dir='ltr'><strong>erun.</strong></span> 
     </span>
    </p>
   </div>
   <div class='ocr_carea' id='block_1_5' title="bbox 100 2898 1151 3441">
    <p class='ocr_par' dir='ltr' id='par_1_5' title="bbox 134 2898 1151 3042">
     <span class='ocr_line' id='line_1_29' title="bbox 134 2898 1064 2980; baseline 0.003 -23"><span class='ocrx_word' id='word_1_189' title='bbox 134 2903 201 2980; x_wconf 81' lang='lat' dir='ltr'><strong>Cap.</strong></span> <span class='ocrx_word' id='word_1_190' title='bbox 214 2898 316 2958; x_wconf 74' lang='lat' dir='ltr'><strong>XXVI.</strong></span> <span class='ocrx_word' id='word_1_191' title='bbox 348 2904 388 2955; x_wconf 82' lang='lat' dir='ltr'><strong>ad</strong></span> <span class='ocrx_word' id='word_1_192' title='bbox 400 2902 604 2972; x_wconf 79' lang='lat' dir='ltr'><strong>insequendam</strong></span> <span class='ocrx_word' id='word_1_193' title='bbox 615 2902 762 2972; x_wconf 82' lang='lat' dir='ltr'><strong>tardabat]</strong></span> <span class='ocrx_word' id='word_1_194' title='bbox 778 2919 800 2954; x_wconf 82' lang='grc' dir='ltr'><strong>ε.</strong></span> <span class='ocrx_word' id='word_1_195' title='bbox 815 2899 881 2976; x_wconf 85' lang='lat' dir='ltr'><strong>Cap.</strong></span> <span class='ocrx_word' id='word_1_196' title='bbox 892 2903 927 2957; x_wconf 86' lang='lat' dir='ltr'><strong>X.</strong></span> <span class='ocrx_word' id='word_1_197' title='bbox 944 2902 1025 2958; x_wconf 81' lang='lat' dir='ltr'><strong>Anrn·</strong></span> <span class='ocrx_word' id='word_1_198' title='bbox 1036 2905 1064 2961; x_wconf 91' lang='grc'><strong>1.</strong></span> 
     </span>
     <span class='ocr_line' id='line_1_30' title="bbox 168 2971 1151 3042; baseline 0.003 -17"><span class='ocrx_word' id='word_1_199' title='bbox 168 3004 205 3017; x_wconf 86' lang='lat'><strong>--</strong></span> <span class='ocrx_word' id='word_1_200' title='bbox 224 2991 288 3026; x_wconf 88' lang='lat' dir='ltr'><strong>cum</strong></span> <span class='ocrx_word' id='word_1_201' title='bbox 295 2973 549 3041; x_wconf 80' lang='lat' dir='ltr'><strong>-proaurrerunt]</strong></span> <span class='ocrx_word' id='word_1_202' title='bbox 566 2991 588 3026; x_wconf 81' lang='lat' dir='ltr'><strong>s.</strong></span> <span class='ocrx_word' id='word_1_203' title='bbox 602 2972 704 3042; x_wconf 84' lang='lat' dir='ltr'><strong>Zumpt</strong></span> <span class='ocrx_word' id='word_1_204' title='bbox 715 2973 810 3037; x_wconf 68' lang='lat'><strong>§.58⁰⁸</strong></span> <span class='ocrx_word' id='word_1_205' title='bbox 826 2975 853 3028; x_wconf 83' lang='lat'><strong>2.</strong></span> <span class='ocrx_word' id='word_1_206' title='bbox 872 2971 971 3026; x_wconf 85' lang='lat' dir='ltr'><strong>Sebulz</strong></span> <span class='ocrx_word' id='word_1_207' title='bbox 984 2976 1063 3039; x_wconf 68' lang='lat' dir='ltr'><strong>§.BQ</strong></span> <span class='ocrx_word' id='word_1_208' title='bbox 1148 2998 1151 3007; x_wconf 73' lang='lat'><em>=</em></span> 
     </span>
    </p>

    <p class='ocr_par' dir='ltr' id='par_1_6' title="bbox 100 3038 1146 3183">
     <span class='ocr_line' id='line_1_31' title="bbox 100 3038 1063 3111; baseline 0 -13"><span class='ocrx_word' id='word_1_209' title='bbox 100 3070 103 3075; x_wconf 91' lang='lat'>·</span> <span class='ocrx_word' id='word_1_210' title='bbox 167 3042 336 3103; x_wconf 79' lang='lat' dir='ltr'><strong>Nr.11,1‚</strong></span> <span class='ocrx_word' id='word_1_211' title='bbox 355 3039 381 3095; x_wconf 91' lang='lat' dir='ltr'><strong>b.</strong></span> <span class='ocrx_word' id='word_1_212' title='bbox 413 3038 504 3111; x_wconf 74' lang='lat' dir='ltr'><strong>Vergi.</strong></span> <span class='ocrx_word' id='word_1_213' title='bbox 525 3040 570 3094; x_wconf 82' lang='lat' dir='ltr'><strong>das</strong></span> <span class='ocrx_word' id='word_1_214' title='bbox 585 3040 673 3094; x_wconf 85' lang='lat' dir='ltr'><strong>Praes.</strong></span> <span class='ocrx_word' id='word_1_215' title='bbox 690 3040 719 3093; x_wconf 93' lang='lat' dir='ltr'><strong>in</strong></span> <span class='ocrx_word' id='word_1_216' title='bbox 739 3039 889 3094; x_wconf 82' lang='lat' dir='ltr'><strong>demselben</strong></span> <span class='ocrx_word' id='word_1_217' title='bbox 906 3042 980 3095; x_wconf 77' lang='lat' dir='ltr'><strong>Folle</strong></span> <span class='ocrx_word' id='word_1_218' title='bbox 1001 3041 1063 3098; x_wconf 63' lang='lat' dir='ltr'><strong>Lim</strong></span> 
     </span>
     <span class='ocr_line' id='line_1_32' title="bbox 169 3107 1146 3183; baseline 0 -21"><span class='ocrx_word' id='word_1_219' title='bbox 169 3113 220 3166; x_wconf 91' lang='lat' dir='ltr'><strong>Vl.</strong></span> <span class='ocrx_word' id='word_1_220' title='bbox 243 3112 281 3164; x_wconf 81' lang='lat' dir='ltr'><strong>Ca</strong></span> <span class='ocrx_word' id='word_1_221' title='bbox 303 3107 386 3162; x_wconf 90' lang='lat' dir='ltr'>.V11.</span> <span class='ocrx_word' id='word_1_222' title='bbox 404 3128 432 3180; x_wconf 77' lang='lat' dir='ltr'><strong>p.</strong></span> <span class='ocrx_word' id='word_1_223' title='bbox 444 3113 504 3166; x_wconf 79' lang='lat'><strong>206.</strong></span> <span class='ocrx_word' id='word_1_224' title='bbox 528 3139 562 3152; x_wconf 90' lang='lat'><em>-</em></span> <span class='ocrx_word' id='word_1_225' title='bbox 585 3115 679 3179; x_wconf 66' lang='grc' dir='ltr'><strong>Ιιιιιοε]</strong></span> <span class='ocrx_word' id='word_1_226' title='bbox 704 3109 771 3163; x_wconf 74' lang='lat' dir='ltr'><strong>iiber</strong></span> <span class='ocrx_word' id='word_1_227' title='bbox 787 3109 832 3164; x_wconf 82' lang='lat' dir='ltr'><strong>dns</strong></span> <span class='ocrx_word' id='word_1_228' title='bbox 851 3111 944 3163; x_wconf 82' lang='lat' dir='ltr'><strong>Genus</strong></span> <span class='ocrx_word' id='word_1_229' title='bbox 960 3112 1066 3183; x_wconf 78' lang='lat' dir='ltr'><strong>Zumpt</strong></span> <span class='ocrx_word' id='word_1_230' title='bbox 1143 3155 1146 3162; x_wconf 92' lang='lat'><em>.</em></span> 
     </span>
    </p>

    <p class='ocr_par' dir='ltr' id='par_1_7' title="bbox 168 3128 1062 3249">
     <span class='ocr_line' id='line_1_33' title="bbox 168 3128 1062 3249; baseline -0.001 -17"><span class='ocrx_word' id='word_1_231' title='bbox 168 3184 195 3246; x_wconf 84' lang='lat'><strong>§.</strong></span> <span class='ocrx_word' id='word_1_232' title='bbox 209 3182 271 3239; x_wconf 76' lang='lat'><strong>376.</strong></span> <span class='ocrx_word' id='word_1_233' title='bbox 282 3128 316 3232; x_wconf 70' lang='lat' dir='ltr'><strong>b.</strong></span> <span class='ocrx_word' id='word_1_234' title='bbox 339 3176 438 3232; x_wconf 84' lang='lat' dir='ltr'><strong>Schuiz</strong></span> <span class='ocrx_word' id='word_1_235' title='bbox 456 3185 481 3246; x_wconf 79' lang='lat'><strong>§.</strong></span> <span class='ocrx_word' id='word_1_236' title='bbox 496 3181 540 3236; x_wconf 78' lang='lat'><strong>73.</strong></span> <span class='ocrx_word' id='word_1_237' title='bbox 565 3181 613 3237; x_wconf 87' lang='lat' dir='ltr'><strong>Nr.</strong></span> <span class='ocrx_word' id='word_1_238' title='bbox 630 3181 656 3235; x_wconf 79' lang='lat'><strong>2.</strong></span> <span class='ocrx_word' id='word_1_239' title='bbox 678 3207 713 3223; x_wconf 90' lang='lat'>-</span> <span class='ocrx_word' id='word_1_240' title='bbox 744 3180 905 3248; x_wconf 72' lang='lat' dir='ltr'><strong>sr&#39;gncfiaare</strong></span> <span class='ocrx_word' id='word_1_241' title='bbox 921 3184 957 3231; x_wconf 80' lang='lat' dir='ltr'><strong>de</strong></span> <span class='ocrx_word' id='word_1_242' title='bbox 970 3180 1062 3249; x_wconf 78' lang='lat' dir='ltr'><strong>saga]</strong></span> 
     </span>
    </p>

    <p class='ocr_par' dir='ltr' id='par_1_8' title="bbox 169 3246 1065 3318">
     <span class='ocr_line' id='line_1_34' title="bbox 169 3246 1065 3318; baseline 0 -17"><span class='ocrx_word' id='word_1_243' title='bbox 169 3248 203 3301; x_wconf 83' lang='lat' dir='ltr'><strong>de</strong></span> <span class='ocrx_word' id='word_1_244' title='bbox 217 3249 370 3318; x_wconf 59' lang='lat' dir='ltr'><strong>rupeas</strong></span> <span class='ocrx_word' id='word_1_245' title='bbox 393 3246 438 3301; x_wconf 80' lang='lat' dir='ltr'><strong>des</strong></span> <span class='ocrx_word' id='word_1_246' title='bbox 456 3247 581 3314; x_wconf 75' lang='lat' dir='ltr'><strong>Obiecto,</strong></span> <span class='ocrx_word' id='word_1_247' title='bbox 611 3270 656 3305; x_wconf 77' lang='lat' dir='ltr'><strong>wo</strong></span> <span class='ocrx_word' id='word_1_248' title='bbox 678 3251 716 3305; x_wconf 93' lang='lat' dir='ltr'><strong>im</strong></span> <span class='ocrx_word' id='word_1_249' title='bbox 734 3247 989 3305; x_wconf 65' lang='lat' dir='ltr'><strong>(tricenarum-der</strong></span> <span class='ocrx_word' id='word_1_250' title='bbox 1006 3248 1065 3302; x_wconf 91' lang='lat' dir='ltr'><strong>Ge-</strong></span> 
     </span>
    </p>

    <p class='ocr_par' dir='ltr' id='par_1_9' title="bbox 169 3315 1067 3441">
     <span class='ocr_line' id='line_1_35' title="bbox 169 3315 1067 3441; baseline -0.002 -69"><span class='ocrx_word' id='word_1_251' title='bbox 169 3317 267 3372; x_wconf 78' lang='lat' dir='ltr'><strong>bitivus</strong></span> <span class='ocrx_word' id='word_1_252' title='bbox 292 3315 430 3441; x_wconf 74' lang='lat' dir='ltr'><strong>partitione</strong></span> <span class='ocrx_word' id='word_1_253' title='bbox 453 3328 551 3391; x_wconf 76' lang='lat' dir='ltr'><strong>gesetzt</strong></span> <span class='ocrx_word' id='word_1_254' title='bbox 576 3320 683 3375; x_wconf 64' lang='lat' dir='ltr'><strong>wadan</strong></span> <span class='ocrx_word' id='word_1_255' title='bbox 706 3317 813 3381; x_wconf 73' lang='lat' dir='ltr'><strong>words,</strong></span> <span class='ocrx_word' id='word_1_256' title='bbox 842 3317 922 3388; x_wconf 83' lang='lat' dir='ltr'><strong>vergi.</strong></span> <span class='ocrx_word' id='word_1_257' title='bbox 939 3317 997 3371; x_wconf 91' lang='lat' dir='ltr'><strong>Lib.</strong></span> <span class='ocrx_word' id='word_1_258' title='bbox 1015 3316 1067 3370; x_wconf 77' lang='lat' dir='ltr'><strong>lv·</strong></span> 
     </span>
    </p>
   </div>
   <div class='ocr_carea' id='block_1_6' title="bbox 169 3385 1066 3528">
    <p class='ocr_par' dir='ltr' id='par_1_10' title="bbox 169 3385 1066 3528">
     <span class='ocr_line' id='line_1_36' title="bbox 169 3385 1066 3528; baseline -0.003 -86"><span class='ocrx_word' id='word_1_259' title='bbox 169 3385 329 3528; x_wconf 43' lang='lat' dir='ltr'><strong>{lappexihb</strong></span> <span class='ocrx_word' id='word_1_260' title='bbox 345 3405 374 3458; x_wconf 85' lang='lat' dir='ltr'><strong>p.</strong></span> <span class='ocrx_word' id='word_1_261' title='bbox 390 3386 450 3491; x_wconf 80' lang='grc'><strong>126.</strong></span> <span class='ocrx_word' id='word_1_262' title='bbox 467 3387 610 3461; x_wconf 74' lang='lat' dir='ltr'><strong>impanare</strong></span> <span class='ocrx_word' id='word_1_263' title='bbox 626 3389 673 3456; x_wconf 85' lang='lat' dir='ltr'><strong>de,</strong></span> <span class='ocrx_word' id='word_1_264' title='bbox 690 3390 749 3444; x_wconf 85' lang='lat' dir='ltr'><strong>Lib·</strong></span> <span class='ocrx_word' id='word_1_265' title='bbox 765 3387 800 3444; x_wconf 83' lang='lat' dir='ltr'><strong>V.</strong></span> <span class='ocrx_word' id='word_1_266' title='bbox 816 3385 883 3458; x_wconf 79' lang='lat' dir='ltr'><strong>Cap·</strong></span> <span class='ocrx_word' id='word_1_267' title='bbox 894 3386 944 3440; x_wconf 80' lang='grc' dir='ltr'><strong>ΙΙΙ.</strong></span> <span class='ocrx_word' id='word_1_268' title='bbox 961 3407 989 3460; x_wconf 86' lang='lat' dir='ltr'><strong>p.</strong></span> <span class='ocrx_word' id='word_1_269' title='bbox 999 3387 1066 3445; x_wconf 83' lang='lat'><strong>150.</strong></span> 
     </span>
    </p>
   </div>
   <div class='ocr_carea' id='block_1_7' title="bbox 108 3525 1122 3838">
    <p class='ocr_par' dir='ltr' id='par_1_11' title="bbox 108 3525 1122 3755">
     <span class='ocr_line' id='line_1_37' title="bbox 140 3525 1122 3608; baseline 0.002 -13"><span class='ocrx_word' id='word_1_270' title='bbox 140 3537 178 3595; x_wconf 84' lang='lat' dir='ltr'><strong>Ca</strong></span> <span class='ocrx_word' id='word_1_271' title='bbox 202 3578 208 3592; x_wconf 92' lang='lat'><strong>.</strong></span> <span class='ocrx_word' id='word_1_272' title='bbox 229 3538 342 3594; x_wconf 85' lang='lat' dir='ltr'><strong>XXVII.</strong></span> <span class='ocrx_word' id='word_1_273' title='bbox 384 3525 577 3599; x_wconf 58' lang='lat' dir='ltr'><strong>intraainaas</strong></span> <span class='ocrx_word' id='word_1_274' title='bbox 598 3545 629 3599; x_wconf 83' lang='lat' dir='ltr'><strong>in</strong></span> <span class='ocrx_word' id='word_1_275' title='bbox 650 3546 767 3608; x_wconf 82' lang='lat' dir='ltr'><strong>occulto]</strong></span> <span class='ocrx_word' id='word_1_276' title='bbox 789 3539 995 3597; x_wconf 79' lang='lat' dir='ltr'><strong>Parallelismus</strong></span> <span class='ocrx_word' id='word_1_277' title='bbox 1014 3539 1067 3596; x_wconf 85' lang='lat' dir='ltr'><strong>wie</strong></span> <span class='ocrx_word' id='word_1_278' title='bbox 1119 3593 1122 3597; x_wconf 86' lang='lat'>.</span> 
     </span>
     <span class='ocr_line' id='line_1_38' title="bbox 112 3607 1068 3675; baseline 0.002 -16"><span class='ocrx_word' id='word_1_279' title='bbox 112 3614 143 3621; x_wconf 89' lang='lat'><strong>&#39;&#39;</strong></span> <span class='ocrx_word' id='word_1_280' title='bbox 196 3607 467 3666; x_wconf 76' lang='lat' dir='ltr'><strong>ib.1.ca.xxx1.</strong></span> <span class='ocrx_word' id='word_1_281' title='bbox 505 3616 568 3669; x_wconf 80' lang='lat'><strong>.28.</strong></span> <span class='ocrx_word' id='word_1_282' title='bbox 587 3623 687 3667; x_wconf 79' lang='lat' dir='ltr'><strong>secreto</strong></span> <span class='ocrx_word' id='word_1_283' title='bbox 704 3614 734 3667; x_wconf 93' lang='lat' dir='ltr'><strong>in</strong></span> <span class='ocrx_word' id='word_1_284' title='bbox 751 3612 865 3667; x_wconf 85' lang='lat' dir='ltr'><strong>occulto.</strong></span> <span class='ocrx_word' id='word_1_285' title='bbox 883 3641 917 3654; x_wconf 93' lang='lat'><strong>··</strong></span> <span class='ocrx_word' id='word_1_286' title='bbox 951 3613 1068 3675; x_wconf 78' lang='lat' dir='ltr'><strong>expedi·</strong></span> 
     </span>
     <span class='ocr_line' id='line_1_39' title="bbox 108 3678 1080 3755; baseline -0.004 -24"><span class='ocrx_word' id='word_1_287' title='bbox 108 3680 112 3685; x_wconf 82' lang='grc'><strong>’</strong></span> <span class='ocrx_word' id='word_1_288' title='bbox 173 3685 231 3743; x_wconf 84' lang='lat' dir='ltr'><strong>tas]</strong></span> <span class='ocrx_word' id='word_1_289' title='bbox 255 3678 300 3751; x_wconf 74' lang='lat' dir='ltr'><strong>das</strong></span> <span class='ocrx_word' id='word_1_290' title='bbox 328 3678 509 3753; x_wconf 82' lang='lat' dir='ltr'><strong>¹anticipiurn,</strong></span> <span class='ocrx_word' id='word_1_291' title='bbox 530 3683 581 3736; x_wconf 89' lang='lat' dir='ltr'><strong>wie</strong></span> <span class='ocrx_word' id='word_1_292' title='bbox 597 3684 662 3755; x_wconf 85' lang='lat' dir='ltr'><strong>Cap.</strong></span> <span class='ocrx_word' id='word_1_293' title='bbox 676 3682 764 3735; x_wconf 81' lang='lat' dir='ltr'><strong>xxll.</strong></span> <span class='ocrx_word' id='word_1_294' title='bbox 782 3701 812 3755; x_wconf 78' lang='lat' dir='ltr'><strong>p.</strong></span> <span class='ocrx_word' id='word_1_295' title='bbox 822 3683 887 3736; x_wconf 70' lang='lat'><strong>252.</strong></span> <span class='ocrx_word' id='word_1_296' title='bbox 900 3691 1026 3752; x_wconf 62' lang='lat' dir='ltr'><strong>apenos.</strong></span> <span class='ocrx_word' id='word_1_297' title='bbox 1041 3701 1080 3714; x_wconf 92' lang='lat'><strong>-·</strong></span> 
     </span>
    </p>

    <p class='ocr_par' dir='ltr' id='par_1_12' title="bbox 166 3737 1105 3838">
     <span class='ocr_line' id='line_1_40' title="bbox 166 3737 1105 3838; baseline 0.001 -34"><span class='ocrx_word' id='word_1_298' title='bbox 166 3748 298 3816; x_wconf 78' lang='lat' dir='ltr'><strong>fructum</strong></span> <span class='ocrx_word' id='word_1_299' title='bbox 312 3744 455 3822; x_wconf 73' lang='lat' dir='ltr'><strong>uictoriae]</strong></span> <span class='ocrx_word' id='word_1_300' title='bbox 479 3750 652 3838; x_wconf 61' lang='lat' dir='ltr'><strong>exegeiiseber</strong></span> <span class='ocrx_word' id='word_1_301' title='bbox 669 3749 801 3817; x_wconf 66' lang='lat' dir='ltr'><strong>Gemite,</strong></span> <span class='ocrx_word' id='word_1_302' title='bbox 823 3768 847 3803; x_wconf 79' lang='lat' dir='ltr'><strong>s.</strong></span> <span class='ocrx_word' id='word_1_303' title='bbox 859 3753 977 3813; x_wconf 56' lang='lat' dir='ltr'><strong>&#39;liumob</strong></span> <span class='ocrx_word' id='word_1_304' title='bbox 988 3746 1022 3800; x_wconf 57' lang='lat'><strong>§—</strong></span> <span class='ocrx_word' id='word_1_305' title='bbox 1032 3737 1105 3786; x_wconf 49' lang='lat' dir='ltr'><strong>‘Q‘</strong></span> 
     </span>
    </p>
   </div>
   <div class='ocr_carea' id='block_1_8' title="bbox 174 3809 1129 3907">
    <p class='ocr_par' dir='ltr' id='par_1_13' title="bbox 174 3809 1129 3907">
     <span class='ocr_line' id='line_1_41' title="bbox 174 3809 1129 3907; baseline -0.014 -23"><span class='ocrx_word' id='word_1_306' title='bbox 174 3848 208 3860; x_wconf 89' lang='lat'><em>-</em></span> <span class='ocrx_word' id='word_1_307' title='bbox 228 3821 280 3882; x_wconf 58' lang='lat' dir='ltr'><strong>lul,</strong></span> <span class='ocrx_word' id='word_1_308' title='bbox 293 3819 355 3891; x_wconf 71' lang='lat' dir='ltr'><strong>aar]</strong></span> <span class='ocrx_word' id='word_1_309' title='bbox 374 3820 452 3894; x_wconf 83' lang='lat' dir='ltr'><strong>vergi.</strong></span> <span class='ocrx_word' id='word_1_310' title='bbox 472 3823 676 3899; x_wconf 7' lang='lat' dir='ltr'><strong>anthapxli.</strong></span> <span class='ocrx_word' id='word_1_311' title='bbox 689 3823 793 3898; x_wconf 55' lang='lat' dir='ltr'><strong>pibo.</strong></span> <span class='ocrx_word' id='word_1_312' title='bbox 807 3820 870 3876; x_wconf 74' lang='lat' dir='ltr'><strong>boe</strong></span> <span class='ocrx_word' id='word_1_313' title='bbox 880 3813 977 3907; x_wconf 52' lang='lat' dir='ltr'><strong>spatio</strong></span> <span class='ocrx_word' id='word_1_314' title='bbox 991 3829 1040 3865; x_wconf 56' lang='grc' dir='ltr'><strong>’τ’</strong></span> <span class='ocrx_word' id='word_1_315' title='bbox 1052 3809 1129 3860; x_wconf 51' lang='lat' dir='ltr'><strong>W·</strong></span> 
     </span>
    </p>
   </div>
   <div class='ocr_carea' id='block_1_9' title="bbox 0 0 1184 4154">
    <p class='ocr_par' dir='ltr' id='par_1_14' title="bbox 0 0 1184 4154">
     <span class='ocr_line' id='line_1_42' title="bbox 0 0 1184 4154; baseline 0 0"><span class='ocrx_word' id='word_1_316' title='bbox 0 0 1184 4154; x_wconf 95' lang='lat' dir='ltr'><strong> </strong></span> 
     </span>
    </p>
   </div>
  </div>
 </body>
</html>
