2310 4154
211 126 234 209 s
317 154 571 229 ‘cernua
612 114 781 240 v11'os‘
814 107 821 123 ”
849 177 861 219 ·.
963 164 1029 233 aar

60 333 122 404 sed
140 330 285 401 indrtiac
298 331 473 410 rideretur
490 328 533 398 dc
557 331 760 399 necationem
774 329 918 410 habero,
938 330 1031 401 diiii.
1081 338 1083 345 '

61 425 221 498 cillimam
241 443 311 487 rem
335 419 478 510 suscepi.
500 350 681 488 ¹docearis
701 418 1031 513 nostricommcntaq
1094 420 1096 429 ’

62 511 133 577 rios
153 531 266 576 rerum
289 516 459 594 gestarum
476 506 608 575 Galliac
625 528 690 575 non
708 504 950 596 comparandos
970 531 1029 576 su·

61 596 265 686 perioribus
280 607 380 684 atque
406 594 660 683 insequentibus
687 595 759 661 eius
787 593 927 682 scriptis
949 617 1029 662 con·
1059 636 1060 641 κ
1105 671 1108 689 1

61 686 172 766 tenori,
191 683 472 770 novissimumque
490 682 724 771 imperfectum
745 680 788 748 ab
804 682 906 747 rebus
921 684 1036 767 gestis*

58 771 289 839 Alexandriae
303 771 428 838 confeci
440 791 546 857 usquc
560 767 603 835 ad
616 770 739 836 exitum
753 791 819 836 non
833 767 972 857 quidem
981 771 1029 844 ci·

59 860 137 926 vilis
155 858 392 938 dissensionis,
414 856 509 922 cuius
522 856 620 922 finem
634 857 762 923 nullum
775 853 945 939 videmus,
965 855 1027 924 sed
1067 860 1077 894 ²
1131 886 1134 891 ·

58 946 148 1013 vitae
162 945 332 1014 caesaris,
376 943 471 1031 Quos
490 945 617 1010 utinam
638 945 698 1033 q'ui
711 947 826 1031 lefflnt
846 945 936 1010 scire
946 966 1027 1033 pos·
1047 985 1052 993 ι

58 1033 145 1114 sint,
168 1054 267 1122 quom
288 1033 413 1100 invitus
434 1033 640 1120 susceperim
658 1029 874 1114 scribendos,
895 1052 962 1120 quo
977 1030 1028 1098 ia·
1112 1098 1119 1118 ,Ἴ

58 1120 158 1186 cilius
179 1141 307 1186 caream
332 1119 499 1205 stultitiae
520 1126 621 1206 atque
642 1118 855 1206 arrogantiae
874 1117 1027 1200 crimine,
1114 1178 1122 1191 ,

82 1207 119 1271 ui
152 1211 205 1273 1'no
237 1205 357 1271 mediis
389 1206 648 1295 interposuerim
682 1205 839 1275 Caesaris
875 1206 1026 1295 scriptis.

58 1229 201 1360 dionstat
228 1293 315 1359 enim
344 1293 433 1359 inter
452 1315 586 1374 omnes,
617 1293 702 1360 nihil
725 1301 794 1360 tam
816 1314 958 1382 operose
978 1293 1024 1358 >ab
1067 1294 1075 1349 ’-

57 1380 134 1447 aliis
163 1402 236 1446 esse
264 1380 470 1466 perfectum,
506 1377 597 1466 quod
624 1401 690 1444 non
714 1380 832 1445 horum
861 1380 1028 1466 elegantia
1122 1387 1125 1397 ’

56 1468 370 1534 commentariorum
383 1473 577 1555 superetur:
598 1465 746 1571 quisunt
758 1465 854 1548 editi,
866 1489 908 1533 nc
919 1468 1027 1542 sciens

57 1556 106 1621 tia
129 1563 299 1620 tantarum
323 1575 434 1619 rerum
456 1552 680 1641 scriptorrbus
702 1551 855 1635 deesset,
877 1553 1026 1642 adeoque
1044 1604 1045 1609 η

81 1641 242 1720 rebantur
255 1641 399 1707 omnium
412 1637 554 1720 iudicio,
576 1646 615 1705 ut
627 1648 826 1731 praerepta,
846 1662 910 1722 non
927 1662 1025 1731 prae·

55 1665 130 1805 bita
152 1730 296 1796 facultas
320 1726 543 1818 scriptoribus
562 1725 729 1798 videatur.
782 1725 888 1797 Cuius
912 1736 1026 1795 tamen

56 1818 108 1884 rei
130 1818 238 1885 maior
258 1824 374 1883 nostra
424 1837 501 1881 uam
523 1814 729 1903 reliquorum
751 1822 805 1881 est
825 1814 1023 1895 admiratio:
1110 1878 1114 1887 χ

56 1904 159 1971 ceteri
173 1904 278 1984 enim,
301 1925 401 1991 qnam
438 1924 498 1968 ene
512 1908 614 1989 atque
631 1901 816 1984 emendate,
834 1925 896 1969 nos
910 1905 1024 1984 etiam,
1102 1932 1104 1936 ’

57 1991 159 2078 quam
185 1991 285 2057 facile
312 1998 413 2078 atquc
433 1990 589 2056 celeriter
607 2011 663 2056 eos
685 1989 864 2078 perfecerit
886 1993 1023 2057 scimus.

55 2079 143 2145 Erat
156 2086 265 2146 autem
280 2079 315 2144 in
331 2077 477 2147 Caesare
491 2086 565 2142 cum
580 2077 726 2143 facultas
741 2082 843 2164 atque
856 2077 1024 2164 elegantia

26 2173 28 2176 ’
56 2187 187 2233 summa
213 2165 402 2247 scribendi,
430 2171 501 2230 tum
522 2165 696 2231 verissima
719 2165 860 2231 scientia
885 2187 1024 2232 snorum

55 2253 271 2321 consiliorum
294 2251 578 2344 explicandorum.
619 2252 706 2320 Mihi
724 2269 766 2318 ne
784 2251 872 2318 illud
888 2251 1023 2342 quidem
1076 2291 1090 2327 ι,
1134 2333 1140 2341 ι

27 2416 34 2425 ,
56 2340 198 2422 occidit,
219 2349 260 2408 ut
270 2338 502 2408 Alexandrino
520 2348 621 2428 atque
634 2339 799 2406 Africano
814 2339 903 2417 bello
918 2341 1024 2406 inter-

56 2448 185 2494 essem:
208 2450 293 2516 quae
311 2429 401 2494 bella
417 2448 605 2515 quanquam
621 2446 661 2490 ox
677 2433 775 2512 parte
788 2425 885 2491 nobis
898 2425 1024 2495 Gaesa-

56 2515 107 2581 ris
128 2535 288 2599 ,sermone
315 2515 385 2580 sint
409 2519 505 2591 nota,
537 2519 649 2578 tamen
671 2514 773 2576 aliter
794 2510 947 2578 andimus
971 2535 1023 2594 ea,
1115 2571 1119 2575 .

57 2622 143 2689 quae
163 2622 275 2666 rerum
297 2601 445 2667 novitate
469 2605 528 2663 aut
549 2598 768 2665 admiratione
790 2620 852 2666 nos
873 2601 1021 2690 capiunt,

58 2689 176 2769 aliter,
199 2691 291 2774 quae'
299 2709 361 2776 pro
375 2685 565 2753 testimonio
582 2707 700 2752 sumus
714 2684 847 2755 dicturi.
875 2685 945 2755 Sed
960 2709 1023 2774 ego

57 2776 213 2841 nimirum
241 2773 320 2841 dum
343 2796 457 2842 omnes
485 2774 708 2840 excusationis
727 2795 866 2840 caussas
886 2775 1022 2862 colligo,
1139 2780 1143 2787 '

57 2885 99 2928 ne
117 2884 190 2929 cnm
207 2859 353 2930 Caesare
366 2861 537 2941 conterar,
557 2862 619 2927 hoc
631 2863 706 2949 ipso
720 2863 846 2929 cumen
861 2884 1022 2948 arrogan-
1093 2893 1095 2901 v

57 2951 126 3016 tiae
146 2950 267 3032 subeo,
289 2948 378 3038 quod
398 2972 451 3017 mo
472 2946 597 3015 iudicio
617 2949 820 3037 cuiusquam
833 2950 1019 3018 existimem
1099 2972 1102 2977 ’

55 3060 157 3127 posse
171 3060 245 3105 eum
263 3036 409 3108 Caesare
424 3037 622 3124 comparari.
664 3036 764 3108 Vale.

144 3189 228 3264 car.
245 3190 277 3263 Ι.
322 3191 425 3259 Omni
446 3191 704 3279 Galliadcvicta
720 3191 847 3267 Caesar
865 3214 940 3258 cum
961 3213 1019 3258 su-

56 3278 189 3368 periore
208 3285 337 3348 aestate
351 3281 478 3347 nnllum
499 3279 648 3355 bellandi
667 3289 798 3369 tempus
819 3279 1021 3347 intermisis-

56 3373 110 3432 set
133 3367 329 3455 militesque·
342 3368 555 3441 hibernorum
577 3369 689 3457 quiete
710 3368 848 3435 reficere
873 3390 893 3434 a
914 3367 1019 3433 tantis

54 3452 229 3520 laboribus
242 3456 365 3536 vellet,
386 3456 575 3543 complures
594 3455 709 3524 codam
730 3456 885 3543 temporo
903 3454 1030 3521 eivita-‘

56 3548 146 3608 tates
161 3562 320 3610 renovare
340 3542 423 3610 belli
444 3545 583 3623 consilia
603 3541 847 3609 nunciabantur
867 3545 1022 3610 coniura-

57 3630 237 3717 tionesque
246 3630 368 3698 iacera.
411 3627 516 3699 Cuius
530 3632 582 3698 rei
596 3629 788 3714 verisimilis
803 3653 922 3698 caussa
939 3629 1022 3694 affe-

56 3717 213 3799 rebatur,
240 3713 328 3805 qnod
351 3715 462 3786 Gallis
490 3719 644 3786 omnibus
663 3718 841 3804 cognitum
859 3725 1051 3805 essenos·

55 3825 122 3888 que
139 3805 208 3872 ullo
227 3803 448 3876 multitudino
466 3805 504 3876 in
522 3831 633 3879 unum
648 3809 772 3882 locum
790 3811 922 3872 coacta
934 3794 1068 3856 resostx
