2310 4154
108 136 147 245 J
236 84 275 261 ⁴,
388 97 738 251 trauain.
982 124 1044 233 ror

10 415 13 421 .
68 322 232 422 puppium
258 352 298 398 cx
319 328 477 397 barbaris
498 329 638 396 navibus
661 322 858 418 superabat,
883 322 1045 426 uinoque

69 445 113 486 ex
133 421 289 486 inferiore
309 418 384 490 loco
405 420 490 484 satis
511 417 681 484 commode
695 423 763 485 tela
779 421 877 487 adiici
891 433 1043 510 possent,
1083 414 1104 459 '¹

69 518 106 572 et
128 509 228 572 missa
252 507 293 572 ab
316 505 425 579 Gallis
447 507 583 590 gravius
608 504 808 575 acciderent.
859 507 937 574 Uua
963 522 1044 587 erat·

69 603 200 678 magno
212 595 288 659 usui
309 615 364 659 res
383 602 583 680 praeparata
603 616 621 657 a
640 595 782 675 nostris,
804 595 907 662 falces
920 618 1042 685 praca-
1092 600 1097 612 '

44 691 164 751 ,outae
189 680 337 761 insertae
361 681 549 773 affixaeque
573 682 757 764 longuriis,
786 703 860 769 &non
887 684 1042 753 absimili

49 770 173 835 aforma
194 770 370 835 muralium
392 770 540 834 falcium.
585 767 651 833 His
672 791 746 835 cum
767 769 883 851 funes,
904 771 962 859 qrri
978 792 1040 840 arr·r

67 863 183 921 tenuas
199 857 242 922 ad
254 856 361 922 malos
379 855 610 932 destinabant,
635 856 865 944 comprehensi
883 859 1037 928 adducti·

91 967 130 1009 ue
144 954 258 1027 erant,
279 944 412 1027 navigio
427 945 528 1008 remis
543 945 683 1009 incitato
698 944 1035 1032 praerumpebantur.
1087 978 1093 995 1

62 965 196 1116 ⁴bulbus
204 1033 347 1099 abscisis
361 1037 522 1097 antennae
538 1034 726 1096 necessario
742 1031 970 1114 concidebant,
985 1044 1035 1117 ut,

64 1140 137 1186 cum
158 1121 265 1186 omnis
288 1119 431 1187 Gallicis
450 1119 589 1186 navibus
604 1140 682 1207 spes
696 1120 731 1186 in
748 1113 835 1186 velis
847 1140 1036 1188 armamen-

63 1208 174 1295 tisque
194 1206 413 1286 consisteret,
439 1205 492 1272 bis
512 1209 637 1294 ereptis
663 1208 769 1273 omnis
794 1231 878 1274 usus
898 1210 1032 1276 navium

61 1315 126 1359 uno
146 1305 298 1381 tempora
319 1294 518 1380 eriperetur.
568 1294 749 1380 Reliquum
773 1303 848 1362 erat
863 1304 1039 1364 certamen·-

59 1381 209 1468 positum
224 1381 259 1444 in
274 1381 416 1457 virtute,
429 1401 503 1464 'qua
517 1384 627 1444 nostri
642 1382 767 1446 milites
780 1384 878 1449 facile
893 1407 1037 1474 supera·-

59 1470 160 1547 bant,
188 1472 349 1550 atqueco
371 1466 496 1545 magis,
518 1464 606 1546 quod
627 1465 662 1527 in
677 1477 857 1551 conspectu
872 1468 1032 1539 Caesaris

61 1561 164 1640 atquc
195 1551 302 1616 omnis
334 1549 500 1614 exercitus
531 1569 585 1612 res
612 1548 810 1632 gerebatur,
843 1560 882 1616 ut
903 1558 1040 1623 nullum·

60 1642 177 1730 paullo
197 1638 319 1705 lortius
341 1638 468 1702 lactum
492 1633 599 1700 latere
623 1641 758 1723 posset:
802 1659 915 1705 omnes
943 1643 1040 1709 enirn.

10 1722 13 1730 ¹
60 1730 168 1795 colles
185 1749 224 1795 ac
244 1729 318 1792 loca
339 1722 531 1813 superiora,
559 1720 647 1788 unde
662 1728 737 1788 erat
750 1724 960 1815 propinquus
972 1727 1037 1796 dc··
1085 1742 1092 1755 ‘

59 1824 196 1906 spectus
210 1815 246 1879 in
264 1833 383 1892 mare,
397 1810 440 1875 ab
456 1809 604 1875 exercitu
619 1810 830 1878 tenebantur.
1096 1886 1100 1895 1

11 1920 36 1943 “·
144 1900 226 1970 XV.
269 1899 440 1979 Deiectio,
462 1905 503 1962 ut
513 1895 678 1978 diximus,
699 1900 851 1966 antennis
870 1904 944 1968 cunr
959 1903 1037 1971 sin--

59 1989 155 2074 gulas
175 1991 274 2055 binae
296 2010 332 2053 ac
354 1995 469 2052 ternae
485 2005 586 2051 naves
604 1985 917 2065 circumsteterant,
938 1991 1033 2057 mili·
1094 2005 1101 2013 “

61 2089 114 2144 tcs
128 2094 255 2143 summa
269 2077 302 2142 vi
317 2071 555 2141 transcendere
568 2071 602 2137 in
615 2072 762 2139 bostium
777 2095 878 2142 naves
893 2086 1043 2148 conten-'

59 2165 195 2234 debant.
246 2162 346 2250 Quod
370 2169 546 2250 postquam
566 2159 704 2227 barbari
724 2161 800 2227 lieri
821 2162 1029 2232 animadver-
1118 2176 1123 2183 ’

19 2252 27 2263 ’
55 2259 186 2333 terunt,
220 2249 417 2339 expugnatis
448 2247 677 2336 compluribus
704 2249 864 2331 navibus,
898 2256 1026 2321 cumei
1122 2252 1138 2316 .’

55 2342 106 2406 rei
125 2341 267 2405 nullum·
275 2336 483 2424 reperiretur
503 2334 681 2415 auxilium,
706 2336 786 2420 fuga
806 2338 949 2406 salutem
967 2364 1027 2428 pe.

45 2436 128 2494 ¹tero
148 2424 407 2508 contenderunt3
435 2445 473 2490 ac
488 2423 555 2489 iam
570 2420 740 2491 conversis
756 2423 791 2490 in
805 2444 875 2491 eam
891 2432 1024 2515 partam

59 2599 264 2619 nunna—nn*

90 2717 158 2789 Cap·
172 2701 247 2769 xw.
277 2706 417 2783 pitppium
433 2731 471 2795 sag
490 2714 623 2770 barbaric
634 2713 765 2782 navibus]
791 2713 969 2787 desparlilire
982 2734 1022 2770 ex.

120 2816 163 2851 ·-¹
200 2801 328 2853 neqnc-
338 2786 377 2853 et]
401 2801 421 2835 r.
434 2783 499 2864 ,Lib
514 2783 551 2837 ll.
569 2784 635 2856 Cap.
647 2783 734 2836 XXV.
753 2805 781 2855 p.
795 2786 838 2840 78.
856 2804 890 2838 zu
906 2803 1022 2856 nequer

122 2857 272 2910 fronta-
305 2869 364 2903 non
375 2853 499 2932 αζιειηιιὶἰ
526 2870 608 2906 ormo
616 2854 772 2934 muralium
779 2852 913 2923 falcium]
931 2852 1024 2922 gebdrt

41 3022 45 3028 -
118 2918 843 3062 33..35§-¹‘{3t{l{tl⁸5l²l...bliltlissdulb
858 2923 1038 3052 llll...
1064 3004 1067 3008 -
1094 2964 1100 2969 ’

120 3063 172 3116 wie
193 3061 228 3114 Ca
251 3101 258 3115 .
278 3058 354 3111 Xlll.
380 3066 597 3111 ventus—vento
618 3074 644 3109 u.
663 3076 685 3116 a.
704 3080 739 3112 w.
766 3056 1022 3126 zusammengestellt

82 3162 87 3173 ·
119 3081 248 3183 werdeni
267 3157 304 3169 ··-
323 3129 326 3135 ’
344 3128 534 3197 superabant]
558 3126 626 3179 iiber
638 3125 680 3178 die
694 3128 814 3183 absolute
827 3125 984 3196 Bedeutung
997 3145 1021 3183 s.

117 3198 178 3250 Lib.
190 3198 211 3250 1.
231 3196 298 3269 Cap.
310 3195 365 3248 XL.
386 3215 413 3267 p.
427 3193 522 3250 ‘ll-'nu
536 3193 694 3267 superarint.
711 3222 746 3237 -
778 3196 876 3263 atquc]
900 3193 966 3246 iiber
978 3193 1021 3249 dic

119 3263 440 3337 Bedeutnnga.Cap.lV.
495 3265 537 3318 91.
551 3282 639 3322 zuac.
665 3263 838 3319 Slattdessen
852 3261 1021 3326 k‘dnntcbier
1062 3298 1066 3305 -

119 3334 187 3391 auch
201 3333 310 3409 slehen}
333 3334 361 3386 S.
376 3333 435 3385 Lib.
465 3369 472 3383 .
492 3333 558 3402 Cap.
572 3328 681 3388 xnrll.
696 3354 723 3405 p.
737 3333 780 3388 5⁰.
798 3347 832 3382 nu
845 3340 914 3387 elec
927 3333 1018 3404 magis.
1083 3398 1089 3405 Ι

85 3404 123 3460 Ca
144 3401 227 3455 .XV.
267 3402 629 3466 cum-circumsteterant]
655 3397 902 3455 wana-umnelin
919 3398 1042 3456 batten.'

147 3490 187 3524 ass
212 3471 258 3522 der
281 3469 398 3524 einzelne
421 3469 479 3524 Fan
503 3468 658 3525 winderholt
680 3468 789 3540 gedacbt
811 3465 917 3522 werden
935 3489 1021 3536 maus,
1115 3487 1120 3495 ’

118 3540 186 3609 neigt
198 3537 243 3590 das
260 3537 449 3609 imperfectum
462 3539 670 3597 contendebant,
686 3556 717 3590 ao
731 3536 782 3591 urie
793 3533 835 3588 die
849 3536 1019 3592 Distributir·
1124 3538 1130 3547 ’

117 3609 211 3664 nebien
232 3606 309 3661 binae
328 3625 361 3660 ac
381 3616 478 3660 ternae.
504 3637 535 3650 -
576 3609 655 3658 eirea
695 3603 721 3658 d.
737 3605 756 3658 i.
771 3622 799 3657 ca
855 3606 955 3659 nationi
975 3626 1018 3659 na·

116 3678 199 3731 vium.
225 3676 282 3729 Der
295 3675 441 3730 Dativwic
458 3673 619 3729 Lib.ll.-Ca
641 3711 648 3754 3
688 3673 722 3726 X.
740 3623 1018 3748 parilisdilficul·

114 3748 213 3802 tatibus
226 3743 294 3797 dune
307 3760 350 3798 rer
362 3752 438 3796 crant
449 3742 577 3798 subsidio.
640 3760 664 3795 re
684 3740 823 3803 Bedeulun
862 3741 907 3796 des
925 3743 1018 3795 Datim

115 3812 267 3872 tralucida
281 3812 483 3885 Berithunsstn.
497 3808 733 3891 imundlicbelund
746 3760 903 3874 tendisne,
920 3829 963 3866 nu.

328 3960 374 4043 ,εἴ
