2310 4154
103 32 109 159 ᾗ
217 174 220 178 ,
297 118 326 157 2
384 86 787 199 ulnarum.
844 178 854 197 ,¹
1002 112 1069 185 321
1134 48 1138 69 ¹

96 276 297 351 resisterent
308 270 468 364 oppidani
482 277 517 341 et
529 271 595 361 iam
606 294 722 359 magna
736 277 836 365 parte
849 233 986 347 suorum
1001 284 1063 355 siti
1100 340 1102 347 ,

96 370 224 437 emissa
251 368 287 447 in
316 362 480 429 sententia
502 371 753 448 permanerent,
789 362 832 430 ad
853 374 1066 452 postremum¹

94 455 258 525 eunioulis
272 472 373 520 venae
387 449 491 516 fontia
508 448 687 517 intercisae
701 455 782 515 sunt
795 457 895 538 atque
910 476 1059 532 aversae.
1127 510 1130 525 .

95 545 173 632 Quo
193 542 283 607 laeto
302 539 483 604 exhaustus
502 544 639 622 repente
660 538 816 623 perennis
835 544 966 609 exaruit
980 545 1057 614 ione
1113 585 1115 594 ·

86 638 286 716 tantamque
307 624 423 697 attulit
441 620 618 712 oppidanis
634 625 757 691 salutis
778 623 1057 716 desperationem,

91 731 132 785 ut
148 717 184 783 id
206 737 270 782 nen
287 712 455 791 bominum
477 711 634 791 consilio,
650 710 718 777 *sed
732 710 868 780 deorum
883 718 1055 787 voluntate
1139 714 1140 717 '

60 840 62 847 ν
89 807 216 872 laetum
229 804 399 890 putarent.
427 795 547 884 ltaque
560 799 765 866 necessitate·
774 800 881 868 eoaoti
894 825 931 870 se
945 812 1056 873 trans-

90 890 262 959 diderunt.
309 900 312 911 ¹

164 972 304 1045 XLIV.
341 969 470 1039 Caesar
490 990 564 1034 oum
587 990 682 1037 suam
699 971 872 1041 lenitatem
887 978 1064 1064 cognitam,

87 1054 242 1133 omnibbs
256 1063 360 1128 eoiret
373 1078 481 1152 neque
495 1066 684 1139 vereretur,
704 1060 840 1148 nequid
853 1064 1054 1137 erudelitate

84 1158 229 1217 naturae
252 1147 425 1235 rideretur
447 1144 601 1231 asperius
624 1146 763 1228 fouisse,
798 1170 905 1238 neque
925 1154 1073 1225 exitum·

86 1237 301 1302 eonsiliorurn
324 1253 460 1297 suorum
482 1232 626 1298 animum
647 1232 853 1317 adverteret,
874 1238 905 1304 si
921 1243 982 1307 tali
996 1263 1051 1323 ra,-

84 1326 178 1390 tione
194 1319 336 1389 dirersis
353 1320 387 1384 in
400 1319 484 1384 loeis
503 1319 619 1405 plures
634 1320 800 1388 rebellare
815 1325 954 1394 oonsilio
968 1329 1052 1396 inis.

81 1416 178 1490 sent,
199 1403 350 1497 exemplo
364 1405 522 1493 supplicii
537 1404 753 1480 deterrendos
768 1412 917 1496 reliquos
933 1416 1050 1483 existi.

81 1499 198 1567 mavit.
232 1491 541 1581 ltaque‘ornnibus,
563 1491 621 1578 qui
638 1513 730 1558 arma
745 1495 910 1577 tulerant,
931 1522 1049 1575 manus

79 1581 266 1690 praeridit3
280 1584 382 1648 vitam
397 1577 573 1658 eoneessit,
587 1600 652 1666 quo
668 1581 824 1647 testatior
838 1592 929 1649 esset
942 1608 1050 1674 poena
1065 1578 1069 1596 ¹

77 1670 320 1760 improborum.
343 1667 513 1754 Drappes,
529 1687 627 1753 quem
640 1679 774 1753 raptum
789 1689 864 1735 esse
879 1669 1046 1749 ecaninio

79 1758 201 1840 docui,
222 1758 292 1824 sive
310 1754 537 1840 indignatione
557 1759 592 1819 et
612 1753 727 1820 dolore
747 1756 954 1825 vinculorum
976 1763 1047 1833 sivo
1069 1757 1071 1763 ’

76 1847 201 1927 timore
215 1844 379 1930 gravioris
393 1836 552 1930 supplicii
591 1841 685 1908 aueis
699 1840 818 1908 diebus
833 1867 869 1911 se
881 1845 956 1913 ribo
970 1849 1047 1917 abs·

75 1932 182 2001 tinuit
198 1911 300 2018 dtque.
312 1932 360 1997 ita
377 1928 518 1995 interiit.
583 1927 676 1994 odem
689 1935 840 2016 tempore
853 1929 1047 2022 Lucterius,
1079 1995 1082 2001 .

75 2042 176 2109 quem
191 2019 381 2109 profugisse
400 2037 440 2083 ex
455 2014 583 2104 proelio
597 2016 735 2104 scripsi,
757 2018 880 2086 eumin
895 2027 1046 2109 potesta.
1092 2030 1094 2035 ·

74 2116 143 2175 tem
156 2108 302 2175 venisset
315 2102 499 2194 Epas'naoti
510 2101 657 2170 Aruerni
672 2141 716 2153 -
732 2104 850 2171 erebro
868 2109 955 2174 enim
971 2132 1044 2178 mu-

65 2192 189 2263 tandis
210 2196 304 2277 loeis,
317 2194 498 2259 multorum
520 2189 599 2255 fidei
620 2213 657 2257 so
676 2192 925 2277 committebat,
952 2197 1042 2284 quod

72 2302 239 2369 nusquam
262 2281 390 2347 diutius
410 2279 483 2345 eine
503 2278 654 2366 periculo
670 2287 936 2348 commoraturus
950 2284 1042 2352 vide-

69 2369 193 2448 batur,
214 2392 289 2434 oum
305 2369 371 2435 sibi
385 2365 538 2433 oonsoius
554 2376 669 2445 esset,
707 2385 783 2429 uam
797 2367 967 2435 inimicum
982 2370 1041 2438 de.

70 2456 172 2524 beret
184 2452 361 2520 Caesarem
380 2454 561 2517 habere-
579 2451 665 2514 huno
683 2387 895 2536 bpasnactus
911 2454 1039 2524 Aruer.

68 2564 156 2624 nus,
178 2541 400 2615 amieissimus
416 2535 538 2626 Populi
552 2533 712 2615 Romani,
734 2536 808 2609 siue
830 2539 1038 2613 dubitatione

69 2630 145 2701 ulla
159 2628 305 2694 vinetum
322 2624 365 2691 ad
380 2623 558 2693 Caesarem
573 2620 722 2693 deduxit.

104 2761 108 2767 -
157 2713 270 2795 XLV.
310 2713 478 2780 Labienus
498 2709 632 2775 interim
651 2710 687 2774 in
705 2707 899 2777 Trevirise
945 2721 1035 2784 estre

67 2804 234 2907 proelium
254 2798 434 2868 seeundum
454 2798 551 2879 feeit,
572 2818 641 2861 eom
668 2797 864 2882 laribusque
915 2802 1033 2873 reviris

68 2888 254 2957 idterfeetis
267 2898 302 2956 ot
310 2882 497 2966 Germanis,
517 2883 574 2972 qui
588 2821 674 2957 nulbi
689 2882 850 2952 adversus
863 2883 1035 2959 Romanos
1135 2912 1138 2918 ·

67 2978 203 3045 auxilia.
216 2976 441 3063 denegabant,
462 2970 632 3063 prinsipes
648 2980 764 3038 eonium
778 2972 871 3040 vivos
886 2974 921 3040 in
937 2998 1033 3049 suam
1081 3003 1083 3007 ·

60 3064 200 3151 redegit
220 3071 438 3152 potestatem,
470 3068 573 3146 atque
591 3059 626 3124 in
647 3060 691 3126 iis
713 3057 837 3127 Surum
859 3056 1033 3157 Aedpuur,

66 3152 129 3237 qui
151 3161 186 3219 et
204 3152 340 3220 virtutis
358 3158 393 3217 et
412 3148 544 3235 generis
567 3168 728 3213 summam
743 3147 953 3215 nobilitatem
973 3150 1033 3218 bas
1081 3166 1084 3181 ¹

63 3236 169 3311 tranat
187 3243 347 3327 solusque
365 3261 406 3305 ex
424 3232 621 3306 Aeduisa'd
636 3232 673 3300 id
689 3243 821 3323 ternpus
838 3255 1031 3325 permanse—
1128 3245 1129 3248 ’

62 3326 168 3391 ratio
181 3330 296 3394 armisa
568 3354 571 3359 ·

67 3458 73 3467 ·
151 3411 279 3480 XLVI.
310 3410 360 3491 Eu
380 3433 417 3479 re
439 3408 570 3497 cognita
583 3406 712 3476 Caesar
729 3425 804 3470 oum
819 3404 855 3468 in
875 3404 1028 3477 omnibus

62 3499 217 3589 partibus
235 3500 366 3567 Galliae
385 3500 469 3577 bene
491 3519 547 3563 res
567 3502 680 3580 gestas
696 3491 827 3559 videret
843 3492 1028 3562 iudicaret·-

61 3607 128 3673 que
149 3587 379 3677 superioribus
401 3584 536 3652 aestivis
554 3583 699 3650 Galliam
715 3578 879 3645 devictam
899 3586 934 3645 et
948 3583 1028 3648 sub·
1109 3625 1112 3635 ·

62 3681 171 3747 oetam
189 3694 283 3748 essa:
303 3672 524 3762 Aquitaniam
538 3690 705 3758 nunquam
719 3667 793 3753 ipse
807 3664 947 3746 adisset,
965 3665 1028 3735 sed

60 3781 123 3848 por
136 3761 177 3838 P.
192 3761 354 3835 Crassum
369 3759 514 3851 quadam
529 3780 570 3851 en
581 3762 682 3849 perte
696 3752 907 3833 derisisset,
921 3773 1049 3861 eunom

95 3875 125 3929 C.
142 3876 199 3932 Iul.
220 3881 339 3937 Caesar.
456 3941 460 3951 Ι
