2310 4148
10 494 27 567 j
59 477 149 563 ogit,
170 476 260 564 quod
281 474 322 545 de
341 501 379 545 se
401 480 562 568 optimum
577 479 738 547 iudicium
752 480 907 561 fecisset,
927 503 1030 568 seque
1135 507 1142 518 ’

31 633 36 639 ,
59 566 139 631 esse
158 563 200 631 ad
212 566 334 632 bellom
348 564 531 720 {erendum
545 569 793 657 paratissimam
808 567 1030 653 confirmavit,
1054 614 1058 625 .

12 1304 18 1335 i

70 120 165 237 ’
391 98 728 207 triatrus.¹
777 176 780 183 -
832 88 1033 247 *sss
1127 109 1129 113 ’

60 312 117 373 tas
133 309 173 369 'et
193 302 363 390 cupiditas
383 303 467 371 belli
485 303 621 390 gerendi
636 305 750 373 innata
763 314 835 389 est,
854 308 1029 396 princepe·

59 412 127 479 que
154 388 292 465 decima,
308 391 400 481 legio
419 414 481 481 per
504 392 659 459 tribunos
679 394 825 459 militum
847 394 878 459 ei
900 395 1049 480 gratiae..
1081 428 1084 435 ·

59 650 195 725 Deinde
214 653 347 740 'reliqua
389 646 537 741 legiones
558 649 620 742 pdr
639 656 793 727 tribunos
823 657 967 722 militum
989 663 1042 721 et.

58 740 243 828 primorum
266 740 420 807 ordinum
447 743 657 809 centuriones
677 749 835 829 egerunt,
870 745 920 810 uti
944 741 1031 813 Gae-
1092 796 1116 833 Ι.

61 824 136 893 sari
155 828 406 933 satisfacerent:
433 851 597 916 seneque
617 852 762 917 uuquam
779 828 953 896 dubitasse
973 852 1032 895 ue-

60 935 128 1067 aa
144 915 1032 1091 tt,¹z¹t.⁸t.ti‘¹2tt¹⁰.btsttbb.“tattffitb:

59 1087 206 1175 factione
224 1099 361 1179 accepta
376 1099 412 1158 ct
423 1092 544 1159 itinero
558 1093 726 1180 exquisito
736 1114 801 1181 per
812 1090 1032 1170 Divitiacum,
1122 1176 1125 1183 Ι

60 1175 153 1264 quod
167 1198 208 1243 ex
221 1180 298 1244 aliis
315 1180 347 1245 ci
361 1181 536 1246 maximam
552 1180 650 1246 fidem
665 1180 827 1260 babebat,
848 1187 888 1244 ut
902 1179 1032 1245 milium

57 1263 206 1351 'amplius
228 1266 468 1353 quinquaginta
486 1268 630 1334 circuitu
650 1268 736 1333 locis
757 1266 886 1354 apertis
907 1264 1034 1343 exerci-

60 1356 133 1417 tum
156 1348 315 1432 duceret,
341 1351 381 1418 de
394 1362 517 1440 ¹quarta
537 1355 669 1439 vigilia,
691 1363 731 1420 ut
748 1353 897 1432 dixerat,
920 1353 1033 1441 proie-

60 1444 139 1506 ctus
159 1445 226 1505 est.
270 1438 420 1526 Septimo
439 1439 512 1518 die,
531 1442 686 1505 comiter
701 1462 765 1504 uon
781 1440 1034 1522 intermitteret,

56 1523 105 1591 ab
124 1524 403 1613 ,exploratoribus
425 1527 548 1590 certior
567 1527 676 1590 faetus
699 1532 754 1590 est
782 1526 953 1592 Ariovisti
978 1549 1034 1593 cc·

59 1612 138 1703 pias
154 1633 173 1675 a
188 1613 314 1682 uostris
330 1610 477 1677 milibus.
505 1632 642 1676 ossuum
665 1632 704 1677 ιι
727 1619 761 1675 et
779 1633 832 1676 xx
855 1610 984 1679 abesse.
1092 1622 1094 1627 '

147 1695 263 1769 XLII.
306 1696 450 1783 Cognito
475 1634 635 1767 dacsaris
663 1695 808 1765 adventu
835 1697 1036 1785 Ariovistus

60 1787 192 1872 legatos
208 1784 252 1851 ad
268 1807 342 1859 eum
357 1786 482 1853 mittit:
509 1785 600 1873 quod
615 1792 713 1853 antea
731 1784 772 1852 de
787 1784 955 1873 colloquio
974 1807 1035 1874 po-

60 1874 243 1954 atulasset,
270 1872 308 1940 id
328 1894 390 1963 per
411 1896 449 1945 ae
470 1874 544 1941 fieri
563 1875 686 1954 licere,
714 1874 869 1960 quoniam
892 1876 1033 1962 propius

62 1960 280 2044 accessisset,
301 1980 303 1985 ·
324 1982 429 2048 seque
459 1959 496 2026 id
524 1961 597 2029 sinc
622 1960 773 2050 periculo
800 1961 910 2027 facero
933 1983 1036 2047 posse

62 2049 266 2115 existimare.
309 2046 388 2116 Nou
408 2049 539 2136 respuit
563 2048 785 2114 conditionem
809 2045 937 2116 Caesar
951 2048 1035 2113 iam·
1063 2082 1066 2086 ·

60 2156 129 2223 que
147 2156 220 2201 eum
241 2131 284 2200 ad
298 2138 476 2202 sanitatem
493 2136 617 2202 reverti
630 2135 877 2215 arbitrabatur,
899 2156 974 2200 cum
988 2132 1035 2216 id,
1103 2165 1105 2169 ’

62 2220 153 2311 quod
176 2229 274 2288 autea
295 2223 425 2319 petenti
446 2221 661 2310 denegasset,
688 2225 780 2290 ultre
799 2222 1035 2312 polliceretur3

65 2356 268 2370 m
299 2366 304 2381 Ι

58 2446 61 2451 ·
98 2424 165 2496 Cap.
180 2421 251 2477 XLI.
281 2425 482 2493 princepsque]
504 2441 525 2476 s.
542 2421 608 2495 Cap.
621 2420 682 2475 ΧΠ.
697 2450 731 2464 -
764 2433 881 2487 egerunt
913 2423 1034 2476 absolut:

130 2490 306 2553 verbandeln,
329 2491 495 2562 gewbbnlicb
513 2510 575 2545 cum
601 2490 702 2562 aliquo.
733 2487 858 2543 Warum
899 2510 952 2547 ann
972 2511 1037 2547 man

131 2559 204 2616 nicht
219 2558 338 2612 erktsren
354 2561 380 2614 id
391 2571 514 2631 egerunt,
532 2559 581 2611 ut?
607 2559 710 2640 Zumpt
725 2561 753 2622 §.
766 2559 826 2613 748.
841 2577 884 2610 am
899 2558 983 2613 Ende.
1001 2590 1037 2604 -

49 2633 75 2692 ’,
132 2629 368 2701 ,se-dubitasse]
398 2629 490 2684 wobor
508 2629 554 2682 der
566 2630 708 2681 Accusatur
729 2644 752 2679 c.
774 2626 894 2679 infinit?
923 2628 953 2682 S.
969 2625 1036 2696 Cap.

131 2696 232 2765 XXXI.
255 2715 290 2755 cu
311 2716 376 2749 se-
386 2696 552 2751 contendere.
575 2723 612 2738 ·-··
650 2714 689 2748 ex
700 2695 781 2766 aliis]
805 2695 876 2748 Zuru
898 2704 909 2748 t
930 2700 956 2761 §.
972 2698 1036 2754 809.

132 2784 178 2820 am
191 2764 274 2818 Ende.
296 2763 395 2818 schulz
412 2770 437 2831 §.
453 2770 512 2825 108.
530 2764 579 2822 Nr.
592 2768 624 2826 6,
642 2766 686 2830 2.;
713 2761 770 2843 bier
789 2714 932 2819 betonders
951 2764 1036 2820 merit·
1107 2764 1113 2780 ⁸

133 2833 250 2915 wtirdig,
267 2832 300 2887 da
314 2853 342 2887 es
354 2843 416 2888 statt
428 2844 519 2918 preter
530 2853 564 2886 zu
576 2831 667 2886 slehen
680 2830 791 2886 behemi.
808 2857 843 2873 -
877 2843 948 2887 ut-
956 2837 1036 2887 duce·

134 2914 182 2959 ret
211 2920 256 3026 Ιίιιι
279 2902 461 3024 ειςυίιῆιοΊιιῑ
477 2900 594 3021 angleiqb
613 2901 660 2955 der
676 2899 867 3043 d³⁶⁵⁰¹¹⁰¹f¹qd3⁸
887 2901 1037 3040 Iziivitiatcrqs

132 2992 165 3026 cu
232 2992 274 3025 en.
296 3001 331 3012 -
369 2991 481 3026 rursum
496 2991 563 3039 amp
576 2987 620 3023 tue
636 2989 843 3052 quinquagina
916 2989 980 3042 ump
1004 2985 1035 3022 ·.

134 3040 194 3099 485.
213 3038 313 3095 schulz
329 3043 354 3104 §.
365 3045 407 3098 80.
422 3041 507 3100 Nat,
520 3042 545 3094 8.
562 3065 598 3078 -·
630 3041 760 3110 circuatu]
779 3038 874 3093 resima
889 3057 923 3090 zu
933 3040 1036 3107 Zumpt
1138 3078 1142 3091 ,

82 3162 93 3177 ,,
108 3101 159 3175 ’.5.
174 3110 235 3166 457.
265 3108 365 3164 Schola
388 3114 413 3176 §.
433 3113 477 3166 80.
501 3107 550 3164 Nr.
565 3111 591 3164 6.
615 3137 651 3149 -
689 3110 759 3162 locis
780 3109 900 3176 apertis]
925 3125 947 3158 s.
967 3105 1035 3176 Cap.
1109 3114 1116 3129 '

61 3218 65 3223 -
99 3194 102 3201 ⁴
134 3178 208 3234 XXI.
232 3197 266 3231 zu
290 3177 385 3232 codam
407 3177 510 3232 itinere.
546 3176 598 3230 Die
616 3175 802 3249 Praepositiou
819 3183 919 3228 miisste
936 3171 1034 3239 steben,
1072 3206 1077 3223 .

135 3265 215 3309 avenn
233 3248 275 3300 eiu
292 3245 371 3300 Their
387 3246 432 3300 des
449 3247 581 3310 Raumes,
608 3243 681 3299 nicht
697 3244 745 3298 der
760 3263 842 3315 gance
857 3243 946 3295 Reum
963 3261 1037 3313 auge-

153 3315 218 3368 eben
234 3314 341 3369 werden
356 3306 443 3370 solite.
466 3346 499 3358 -
532 3316 645 3370 milibus
656 3315 810 3383 pessuma]
835 3309 935 3365 Sohulz
951 3314 979 3377 §.
992 3315 1035 3369 82.

161 3404 183 3436 1⁸·
198 3385 224 3438 6·
247 3385 349 3456 Zumpt
364 3387 390 3448 §⁸
403 3386 464 3442 396·
591 3422 595 3430 ·
854 3442 856 3449 Ι

103 3449 267 3523 capxttl.
299 3453 643 3519 legatosmittit-licere]
668 3445 1036 3523 s.Cap.XL1.nnsednbi·

137 3528 213 3573 mese.
238 3549 271 3561 -
304 3524 339 3572 de
354 3522 512 3643 colloquio}
526 3540 548 3574 s.
561 3520 627 3604 Cep.
641 3517 753 3571 xxvu.
771 3516 853 3570 Arm.
867 3520 893 3572 1.
916 3544 951 3557 -
980 3534 1036 3584 per

134 3593 179 3653 se]
203 3588 305 3658 Zumpt
318 3594 344 3655 §.
358 3591 420 3649 301.
432 3608 476 3642 am
514 3589 572 3643 nde.
597 3587 695 3642 schulz
711 3588 811 3652 §.102
828 3586 878 3640 Nr.
894 3586 940 3644 16,
956 3586 984 3641 8·
1000 3610 1035 3624 ·-

103 3692 105 3699 ·
129 3658 230 3726 facere
238 3673 322 3723 posse
335 3659 512 3724 existimare]
535 3677 597 3711 man
612 3653 701 3708 merke
715 3653 758 3707 die
772 3653 829 3709 drei
843 3673 895 3723 ocu
910 3649 1034 3706 einander

134 3724 247 3797 abbingi
264 3741 297 3779 en
309 3726 447 3781 inimitire.
465 3752 500 3766 -
532 3720 893 3795 respuit-arbitrabatur]
906 3716 1035 3783 cadurci

136 3795 171 3850 iot
184 3793 230 3849 du·
293 3792 379 3852 anat
391 3796 439 3852 der
451 3794 618 3869 'stuporum
633 3792 756 3867 bedinqt?
