2310 4154
268 119 339 185 -·’
394 127 622 211 u1uu'n
666 102 888 226 v11.'3.
994 79 1106 215 eur

99 324 173 400 rot,
198 319 269 382 tres
284 335 365 383 suos
382 321 501 383 nactus
516 313 604 382 mani
628 317 741 392 ulares
754 320 855 405 atque
868 312 910 382 ab
921 313 966 383 iis
981 314 1062 382 sub·

100 407 229 474 leuatus
254 423 385 469 murum
403 401 565 471 ascendit.
604 338 676 470 Itos
688 404 762 494 ipse
774 424 895 470 rursus
910 404 1061 490 singulos

100 498 278 579 exceptans
290 492 324 556 in
340 512 469 557 murum
489 489 623 560 extulit.
934 554 937 561 .

187 560 354 666 XLVIII.
396 577 536 646 Interim
557 577 600 659 ii,
622 574 682 662 qui
702 573 747 643 ad
767 577 908 643 alteram
930 581 1061 665 partem
1086 596 1089 601 ·

89 663 226 754 oppidi,
246 672 406 754 utsupra
423 663 736 745 domonstravimus,
758 664 951 735 munitionis
967 686 1063 730 caus·

99 776 138 820 ca
153 759 384 832 convenerant,
402 753 515 857 primo
529 750 684 826 claudite
697 754 852 830 clamore,
868 749 949 816 inde
960 752 1062 818 ctiam

98 839 228 906 crebris
245 841 384 907 nunciis
410 838 560 919 mcitati,
590 838 748 928 oppidum
769 840 812 905 ab
832 837 993 906 Romanis
1012 847 1064 913 tc·

97 928 190 1006 neri,
213 927 410 1016 praemissis
429 926 600 1015 equitibus
620 949 738 1013 magno
754 947 917 993 concursu
931 946 969 992 co
983 948 1061 992 con-

99 1014 288 1081 tenderunt.
330 1009 456 1081 Eorum
473 1026 513 1078 ut
529 1014 673 1102 quisque
686 1015 815 1105 primus
829 1020 977 1094 venerat,
999 1013 1064 1093 sub

100 1124 196 1169 muro
215 1102 422 1168 consistebat
438 1123 645 1190 suorumque
658 1101 875 1192 pugnantium
890 1120 1064 1166 numerum

101 1189 256 1273 augebat.
280 1240 284 1245 .
300 1186 451 1274 Quorum
474 1210 548 1255 cum
565 1211 683 1276 magua
697 1187 878 1256 multitudo
894 1189 1066 1255 convenis-

102 1287 172 1356 set,
194 1282 319 1362 matres
337 1277 501 1355 familiae,
523 1296 609 1363 quae
625 1278 740 1365 paullo
756 1284 832 1342 ante
847 1275 1008 1363 Romanis
1023 1273 1066 1341 de

101 1384 197 1429 muro
213 1362 329 1427 manus
342 1361 534 1441 tendebant,
556 1384 636 1428 suos
650 1363 814 1429 obtestari
827 1369 862 1428 et
876 1385 968 1429 more
985 1362 1067 1440 Gal,

100 1450 169 1516 lico
194 1469 331 1538 passum
349 1448 508 1536 capillum
527 1449 909 1534 ostentare'liberosquo
931 1450 967 1515 in
981 1468 1067 1515 'con-

103 1544 255 1627 spectum
268 1535 419 1625 proferre
434 1542 627 1623 coeperunt.
667 1533 753 1601 Erat
766 1534 928 1600 Romanis
942 1556 1001 1601 nec
1014 1537 1067 1602 lo-

103 1647 142 1691 co
166 1647 226 1692 noc
247 1645 384 1691 numero
411 1644 515 1710 aequa
537 1623 723 1705 contentio;
744 1622 846 1688 simul
865 1627 900 1687 ct
915 1643 1017 1688 cursu
1032 1629 1068 1690 ct
1103 1676 1107 1681 .

72 1776 83 1805 .·
104 1715 215 1802 spatio
241 1709 567 1801 pugnaedefattgati
586 1732 652 1779 uon
669 1709 941 1777 facilorccontcs
966 1715 1067 1799 atquo

105 1804 255 1887 integros
276 1798 500 1866 sustinebant.
698 1796 701 1804 “
824 1862 827 1868 ,
981 1801 984 1807 ’

154 1946 157 1969 ,
190 1884 321 1954 XLIX.
365 1884 492 1954 Caesar
514 1905 589 1948 curn
611 1881 726 1971 iniquo
747 1885 822 1951 loco
843 1883 988 1973 pugnari
1006 1883 1067 1951 bo·
1115 1933 1119 1942 -

105 1974 275 2060 stiumque
297 1974 413 2056 augeri
434 1971 548 2060 copias
570 1970 718 2053 videret,
744 1978 977 2061 praemetuens
996 1971 1068 2037 suis

106 2063 150 2129 ad
172 2062 220 2129 T.
242 2059 395 2126 Sextium
421 2052 586 2144 legatum,
619 2079 717 2147 quom
740 2052 923 2124 minoribus
944 2059 1068 2125 castris
1144 2116 1148 2124 .

104 2146 275 2240 pracsidio
294 2148 494 2235 reliquerat,
506 2146 639 2226 mittit,
661 2153 701 2212 ut
715 2146 869 2212 cobortes
886 2144 932 2212 ex'
945 2146 1067 2212 castris

105 2240 260 2304 celeriter
279 2235 437 2301 educeret
456 2241 492 2299 ct
511 2232 574 2300 sub
589 2232 704 2321 infimo
720 2236 805 2319 polle
823 2234 865 2299 ab
884 2233 1001 2317 dextro
1016 2235 1068 2299 Ia-

105 2333 178 2390 tcre
198 2323 344 2389 hostiurn
365 2314 610 2403 constitueret,
632 2329 672 2388 ut
694 2322 725 2386 si
749 2330 885 2388 nostros
908 2319 1069 2410 depulsos

108 2416 184 2479 loco
202 2409 361 2492 vidisset,
379 2431 449 2496 ¹quo
471 2409 579 2473 minus
600 2408 706 2473 libero
721 2408 835 2473 bootes
856 2408 1071 2558 inserpuercn·

108 2506 185 2576 tur,
205 2503 359 2564 terreret.
403 2494 647 2583 Ipse‘paullum
662 2515 701 2559 ex
715 2514 753 2558 eo
765 2495 839 2558 loco
853 2513 926 2558 oum
953 2493 1070 2579 egiono
1092 2548 1095 2557 .
1143 2556 1146 2567 ἱ

110 2602 333 2676 progressus,
355 2581 414 2646 ubi
443 2582 658 2661 constiterat,
685 2588 838 2647 eventum
852 2583 991 2669 'pugnae
1014 2602 1071 2646 cx·
1104 2640 1138 2656 ,.

111 2670 297 2738 sectabat.
542 2705 545 2708 >
928 2712 933 2733 .
1041 2730 1043 2739 ,
1088 2680 1093 2695 “

130 2695 152 2759 p
196 2756 238 2825 L.
281 2752 372 2823 Gum'
381 2749 541 2829 acerrime
555 2748 704 2821 cominus
718 2752 934 2843 pugnaretur,
955 2754 1071 2823 hostes

111 2848 186 2912 loco
205 2851 241 2910 ct
261 2864 416 2921 numero,
438 2838 546 2904 nostri
564 2841 688 2906 vlrtute
709 2840 929 2921 confiderent}
957 2843 1072 2911 subito

67 2938 70 2951 '
112 2940 192 3001 sunt
206 2930 322 3002 Aedui
336 2930 401 2996 visi
416 2927 578 2992 ablatem
593 2929 717 2995 uostris
732 2914 866 3019 ap'erto,
889 2953 973 3018 quos
987 2928 1072 2997 Cac-

68 3076 73 3085 .
113 3044 171 3086 sar
192 3021 233 3085 ab
256 3018 374 3085 dextra
386 3023 483 3107 parte
498 3014 564 3081 alio
577 3037 717 3083 ascensu
731 3041 847 3087 manus
862 3016 1072 3085 distinendae
1110 3035 1116 3057 ’

114 3198 317 3226 nau—ab·-

52 3366 54 3375 .
72 3342 75 3347 ·
147 3323 214 3396 Cap.
228 3322 352 3384 XLVIII.
386 3327 546 3391 coeperunt]
565 3342 586 3381 s.
600 3323 701 3396 Zumpt
715 3329 741 3391 ᾗ.
753 3326 815 3381 753.
834 3316 915 3396 vergi.
933 3323 999 3400 Cap.
1011 3325 1073 3381 XII.

180 3414 208 3464 p.
223 3394 284 3448 aec.
316 3392 381 3464 cap.
396 3381 452 3446 xc.
469 3393 570 3464 psas.
599 3391 774 3465 capxmu.
812 3396 894 3450 cm.
911 3426 944 3438 -
977 3399 1074 3464 spana

109 3504 112 3511 .
179 3468 305 3533 pugnae]
324 3462 440 3534 spatium
453 3480 503 3514 von
513 3461 560 3514 der
571 3460 637 3527 Zeit,
650 3462 702 3517 wie
713 3463 772 3516 Lib.
807 3499 814 3513 ·
829 3462 960 3537 captiv.
974 3485 1002 3538 p.
1013 3469 1073 3521 162.

182 3530 332 3601 intermisso
346 3529 439 3601 spatio.
555 3586 564 3593 Π

149 3599 216 3670 Cap.
230 3597 324 3649 XLIX.
358 3617 412 3666 quc
430 3600 698 3664 minus-terreret]
718 3598 829 3653 terreret
846 3598 893 3653 liir
908 3610 1014 3656 terrens·
1026 3600 1074 3653 im·

183 3667 283 3737 pediret
294 3665 358 3719 oder
372 3665 521 3722 deterreret.
815 3666 821 3673 ’

150 3734 215 3806 Cap.
223 3736 252 3788 L.
276 3738 312 3785 ab
324 3739 413 3788 latere
426 3740 533 3791 nostris
543 3743 657 3807 aperto]
671 3735 805 3791 derbal'm
815 3738 857 3790 'nst
869 3733 1102 3809 destinemus-u*

100 3812 105 3819 “
182 3822 243 3861 noan
258 3801 370 3860 solidet:
388 3805 435 3865 ubi
451 3806 523 3865 Ia'tus
536 3809 638 3879 uostris
651 3816 784 3883 oportum
800 3814 872 3861 crat.
