2310 4154
113 132 183 203 sos
316 58 602 213 os'assno
626 88 881 198 eunuco

115 303 252 375 bonium
268 322 344 369 oum
362 321 388 367 ιι
408 295 615 386 legionibus,
635 320 721 387 quas
737 321 850 368 secum
864 299 1037 388 babebat,
1054 306 1090 374 in

40 409 43 413 ’
115 390 266 462 bibernis
288 388 417 473 Genabi
436 386 630 468 collocavit3
657 387 733 483 ipse
752 411 828 455 curn
843 388 977 459 crebris
996 394 1090 480 lega-

117 480 266 548 tionibus
294 477 476 545 Remorum
493 475 631 547 ·certior
650 474 746 540 beret
772 475 996 560 Bellovacos,
1031 483 1090 570 qui

67 570 69 575 '
115 568 200 649 belli
226 565 334 655 gloria
356 563 474 631 Gallos
503 584 615 629 omnes
635 560 835 651 Belgasque
850 567 1090 718 praestabant,

115 655 354 742 finitumasque
373 650 426 717 bis
444 651 597 737 civitates
613 647 696 739 duce
710 649 836 718 Correo
882 654 1039 723 elloraco
1055 667 1090 724 et

26 799 33 815 .
116 740 269 815 Commio
297 739 467 808 Atrebate
497 736 664 805 exercitus
693 759 763 803 com
791 760 887 806 arare
915 734 1026 830 etquc'
1055 745 1088 811 in

114 853 219 899 unum
240 829 351 894 locum
372 848 512 912 cogere,
540 831 580 891 ut
598 825 686 890 omni
699 761 925 893 ,mullitudine
947 830 984 895 in
1003 831 1088 913 fines

115 916 348 999 Suessionum,
363 916 420 1002 qui
433 913 549 982 Remis
566 918 663 981 erent
677 913 845 995 attributi,
857 915 1015 984 lacerent
1028 920 1088 984 im·
1140 996 1144 1003 Ι

113 1005 341 1096 pressionem3
362 1003 529 1089 pertinere
550 1010 660 1066 autem
681 1020 746 1064 non
764 1007 893 1067 tentum
916 1003 964 1089 pd
979 1005 1089 1090 digni·

112 1101 239 1173 tatem,
259 1089 319 1157 sed
331 1091 439 1154 etiam
462 1087 666 1154 adsalutem
689 1109 782 1154 suem
802 1087 993 1174 iudicaret,
1015 1096 1088 1163 uul-

112 1182 182 1247 lsm
204 1178 428 1246 calamitatem
452 1176 597 1240 socioso
623 1181 713 1240 tumc
736 1173 778 1242 de
797 1176 973 1265 republica
989 1184 1086 1248 meri·

112 1274 167 1332 tos
183 1266 348 1352 accipere:
366 1262 530 1346 legionem
544 1284 583 1326 ex
598 1197 745 1327 bibernis
758 1271 875 1330 evocat
886 1286 1014 1334 rursus
1028 1291 1086 1350 ιι,

111 1353 249 1418 litteras
277 1358 388 1415 autem
419 1347 462 1415 ad
490 1346 531 1417 G.
552 1346 693 1414 Fabium
723 1350 848 1432 mittit,
880 1360 921 1418 ut
944 1353 981 1420 in
1004 1356 1085 1422 fines

113 1438 334 1509 Suessionum
353 1436 502 1521 legiones
524 1456 570 1516 ιι,
591 1458 674 1522 quas
697 1435 859 1519 babebat,
890 1438 1085 1524 adduceret,

113 1528 324 1614 alteramque
345 1547 384 1591 cs
403 1524 533 1590 duabus
551 1522 593 1593 ab
608 1522 653 1590 T.
668 1523 817 1591 Labieno
832 1527 990 1595 arcessit.
1035 1530 1085 1597 lta

112 1622 274 1705 quantum
305 1614 519 1678 hibernorum
549 1613 783 1698 opportunitas
812 1613 966 1700 bellique
997 1621 1083 1684 ratio

111 1703 326 1793 postulabat,
346 1706 509 1790 perpetuo
523 1719 584 1763 suo
599 1699 715 1764 labore
726 1699 761 1765 in
773 1699 879 1767 vicem
890 1698 1083 1789 legionibus

19 1823 22 1829 .
112 1786 360 1878 expeditionum
375 1809 461 1852 onus
477 1785 698 1871 iniungebat„
1019 1848 1029 1873 ‚

196 1873 280 1943 Vll.
327 1874 394 1941 His
417 1873 522 1963 copiis
546 1872 672 1939 coactis
695 1869 738 1937 ad
759 1870 961 1942 Bellovacos
983 1877 1084 1967 proli-

111 1960 252 2028 ciscitur
278 1963 465 2048 castrisque
493 1961 528 2027 in
556 1982 672 2041 eorum
699 1959 821 2026 finibus
835 1963 969 2114 positis
990 1965 1081 2054 equi-

112 2056 185 2115 tum
200 2057 329 2116 turmas
345 2048 489 2117 dimittit
503 2049 538 2114 in
554 2070 666 2114 omnes
682 2053 796 2134 partes
815 2070 833 2112 a
872 2051 1007 2137 aliquos
1027 2075 1080 2119 ox·
1121 2132 1125 2141 Ι

112 2136 304 2224 cipiendos,
325 2137 506 2222 exquibus
528 2136 673 2201 bostium
694 2134 833 2200 consilia
850 2145 1079 2222 cognosceret.

111 2220 254 2308 Equites
277 2222 387 2286 officio
407 2221 515 2286 farneti
541 2223 739 2287 renunciant
758 2244 883 2309 paucos
904 2225 947 2290 in·
966 2225 1081 2293 aedifi·

111 2306 174 2375 ciis
194 2330 269 2374 csse
293 2309 444 2376 inventos
469 2313 570 2394 etque
593 2307 654 2374 bos
679 2330 744 2373 non
764 2311 824 2395 qui
844 2332 1002 2399 agrorum
1027 2336 1080 2380 oo-

108 2392 285 2463 lcudorum
303 2418 423 2463 caussa
445 2395 702 2474 remansissent,
724 2417 865 2487 namque
886 2421 963 2466 esse
985 2400 1080 2468 undi-

109 2504 175 2588 que
191 2479 369 2570 diligenter
385 2482 625 2571 demigratum,
645 2483 707 2551 scd
724 2485 782 2571 qui
795 2486 993 2574 speculandi
1047 2511 1079 2555 a·

107 2578 159 2637 tta
179 2580 293 2638 essent
314 2571 459 2640 remissi.
503 2570 540 2637 A
562 2572 775 2658 quibuscum
796 2583 979 2660 quaereret
996 2511 1079 2644 dle

108 2681 186 2741 ser,
207 2681 273 2746 quo
292 2660 367 2724 loco
384 2656 564 2725 multitudo
585 2667 676 2724 essct
693 2657 949 2748 bellovacorum
974 2662 1079 2751 qnod

68 2774 72 2781 ’
107 2766 150 2811 ve
176 2754 269 2811 esset
296 2747 472 2812 consilium
502 2767 635 2823 eorum,
668 2747 859 2815 inveniebat
876 2748 1080 2830 Bellovacos

108 2852 242 2914 omnes,
271 2834 330 2920 qui
357 2848 449 2899 arma
473 2833 562 2898 ferre
588 2832 747 2920 pos‘scnt,
776 2835 811 2900 in
836 2858 937 2901 unum
966 2839 1078 2905 locum

108 2918 320 3001 convenisse,
342 2921 487 3009 itemque
500 2919 705 3001 Ambianos,
725 2923 907 3005 Aulercos,
922 2922 1079 3013 Caletos,

106 3002 365 3088 Velliocasses,
391 3007 578 3075 Atrebetas
613 3010 723 3074 locum
753 3011 876 3076 castris
904 3014 1078 3086 excelsum

31 3149 32 3152 ,
104 3092 142 3160 ἰιι
166 3094 254 3175 ⁴silva
280 3094 443 3183 impedita
470 3093 711 3162 circumdatum
740 3096 864 3183 pallide
888 3096 1078 3186 delegiss03

103 3183 215 3249 oannis
236 3182 473 3272 impedimenta
492 3184 527 3249 in
550 3184 729 3250 ulteriores
749 3185 853 3250 silvas
871 3189 1077 3270 contulisse3

101 3270 1076 3446 tttlltttttltttttldttttttttttltti'*

1 3453 3 3471 ¹
99 3460 156 3505 mo
178 3463 253 3510 esse
275 3445 350 3512 odio
369 3467 486 3512 nomen
503 3440 626 3529 Populi
642 3444 785 3512 Romani
801 3407 1073 3531 ’intellexissenta

97 3531 218 3615 peucis
240 3541 316 3599 ante
337 3533 454 3601 diebus
474 3554 512 3597 ex
531 3533 584 3599 bis
604 3536 726 3599 castris
749 3534 950 3608 Atrebatem
970 3535 1073 3605 Gom·

96 3614 202 3693 mium
237 3618 434 3687 discessisse
463 3619 505 3686 ad
535 3621 658 3686 auxilia
687 3621 928 3688 Germanorum
961 3622 1072 3715 oddu-

93 3702 218 3787 oonda,
267 3730 386 3775 uorum
407 3716 442 3776 et
458 3709 614 3777 vicinitas
631 3711 816 3797 propinqua
832 3718 868 3775 ct
883 3710 1071 3778 multitudo

52 3828 63 3861 s
80 3797 229 3867 essetis
257 3799 349 3887 υἱέες
361 3797 592 3871 constituisse
600 3794 917 3873 autcmbellounnus
925 3799 1076 3895 omnique

992 3899 1096 3955 qun-
