2310 4148
64 84 82 239 f
108 60 228 233 ⁸aaa¹
336 106 413 201 'nu
441 106 626 198 ranno
648 108 907 239 eunuco

62 336 68 349 ·
111 331 120 373 ,·
142 270 702 394 Cevennavidrunlque'diftieultas
715 282 934 392 impediebat,
955 308 1036 377 tum
1051 310 1115 379 nra·

142 418 260 477 rame,
282 390 373 483 quod
394 392 548 459 ahinnoto
562 390 711 458 Labieno
730 401 831 477 atque
849 391 893 459 iis
911 394 1114 481 legionibus,

9 494 84 613 ‘s
144 506 231 637 oq
249 505 314 548 ”¹¹⁸
329 480 716 634 liiiiililiil
731 478 1113 641 {attollunt

144 590 436 729 ddbidldlisndobtra
451 656 596 722 omnium
613 591 799 747 opinionem
813 654 856 721 ad
870 654 1027 742 Ligerim
1044 598 1123 752 pub,

144 749 238 818 veuit
257 744 408 832 vadoque
426 765 487 834 per
505 743 636 831 equites
654 744 787 809 invento
809 764 870 834 pro
887 746 945 833 ‘rei
966 752 1113 839 necessi.

146 842 219 904 tata
235 840 442 922 opportuno,
465 838 504 896 ut
518 828 654 895 braohia
677 829 774 897 modo
797 840 897 917 atque
916 832 1057 927 humeri
1077 836 1113 906 ad

146 919 342 993 sustinenda
356 941 448 986 arana
462 916 562 985 liberi
578 918 619 983 ab
634 939 720 1004 aqua
733 938 808 983 esse
822 929 984 1006 possent,
1004 925 1115 1019 dispe·

149 1010 216 1077 sito
236 1009 406 1095 equitatu,
434 1007 493 1092 qui
515 1006 582 1072 vim
603 1005 749 1070 fluminis
769 1005 993 1091 refringeret,
1018 1024 1115 1103 atque

36 1162 40 1181 ,
60 1096 65 1117 “
147 1096 303 1168 hostibus
320 1095 429 1181 primo
451 1100 591 1179 aspeotu
613 1092 821 1178 perturbatis
838 1093 1047 1183 ineolumem
1065 1124 1115 1177 ex·

72 1192 76 1211 '
148 1185 290 1251 eroitum
309 1178 518 1258 transduxit,
544 1179 814 1265 frumentumque
835 1180 870 1247 in
889 1186 984 1269 agris
1007 1196 1047 1253 et
1068 1210 1115 1255 eo·

148 1290 240 1423 ppam
260 1269 392 1357 peeoris
415 1273 533 1370 nactus
555 1267 686 1370 repleto
701 1268 745 1335 iis
764 1267 865 1335 rebus
880 1274 1039 1342 exercitu
1056 1276 1117 1345 iter

201 1353 351 1423 Senonas
365 1354 476 1420 faeere
492 1360 654 1421 rustrturt.

231 1455 342 1524 LVII.
391 1456 484 1524 Dum
513 1457 594 1523 haee
622 1455 710 1548 apud
734 1455 914 1525 Gaesarem
940 1470 1117 1546 geruntur,

39 1594 44 1605 .
137 1542 320 1623 Labienus
334 1567 373 1610 eo
392 1546 642 1635 supplemento,
664 1544 754 1632 quod
770 1568 877 1634 nuper
891 1568 932 1612 ex
946 1549 1055 1618 ltalia
1067 1575 1118 1619 va·

149 1642 260 1716 uerat,
273 1633 392 1700 relioto
407 1632 586 1716 Agendioi,
602 1639 641 1697 ut
654 1639 744 1696 esset
759 1631 1012 1720 impedimentis
1025 1662 1118 1725 prae

151 1720 259 1803 sidio,
282 1743 355 1785 oum
381 1730 526 1805 quatuor
547 1719 735 1803 legionibus
746 1718 916 1787 Lutetiam
932 1726 1118 1810 proficisci·

19 1838 25 1849 ·
150 1814 220 1877 tur.
263 1804 305 1872 ld
328 1814 383 1873 est
405 1803 564 1893 oppidum
587 1803 815 1887 Parisiorum,
844 1811 1118 1897 posituminin·

152 1897 232 1962 sula
244 1894 391 1960 fluminis
407 1894 594 1980 Sequanae.
626 1891 731 1963 Cuius
746 1892 890 1961 adventu
907 1898 950 1963 ab
964 1900 1119 1981 hostibus

125 1989 132 1999 '
152 1982 286 2069 aeguito
307 2003 446 2068 magnae
462 2003 502 2047 ex
521 1981 683 2047 finitumis
700 1981 893 2051 civitatibus
910 1988 1032 2076 eopiae
1047 1994 1119 2057 eorl

153 2074 327 2138 venerunt.
384 2068 521 2135 Summa
550 2068 683 2154 imperii
711 2067 859 2135 traditur
890 2070 1117 2164 Camulogeno

152 2157 321 2234 Auleroo,
342 2157 401 2240 qui
423 2176 526 2241 prope
542 2155 713 2220 eonleetus
727 2145 836 2222 ae'tate
854 2164 969 2245 tamen
983 2175 1119 2254 propter

155 2243 358 2329 singularem
375 2241 547 2306 seientiam
566 2241 615 2306 rei
632 2243 787 2309 militaris
804 2243 847 2309 ud
861 2268 935 2314 eum
951 2261 1009 2317 est
1021 2252 1120 2329 boun·¹
1153 2245 1155 2310 l

9 2364 11 2374 ν
112 2359 115 2365 ·
155 2336 227 2399 r'em
249 2335 417 2397 evocatus.
471 2326 504 2394 ls
524 2349 598 2392 oum
618 2330 762 2395 animum
779 2331 986 2402 advertisset
1005 2361 1120 2430 perpo-
1137 2335 1155 2386 i

154 2425 249 2485 tuam
263 2427 338 2484 es‘sa
354 2414 529 2505 paludem,
550 2437 636 2502 quae
648 2417 799 2483 influeret
815 2419 849 2487 in
863 2419 1058 2509 Sequanam
1073 2434 1120 2492 at·
1154 2439 1155 2468 ³

156 2526 222 2596 que
243 2506 339 2572 illurn
358 2527 486 2572 omnem
502 2506 612 2570 loeum
629 2528 826 2594 magnopere
846 2509 1050 2614 impediret,
1070 2514 1121 2582 bie
1154 2513 1155 2578 f

157 2592 310 2662 eousedit
327 2603 528 2682 nostrosque
536 2594 687 2659 transitu
701 2594 877 2682 prohibere
891 2599 1061 2671 instituit.

243 2692 378 2763 Lvlll.
414 2695 583 2763 Labienus
595 2698 703 2785 p‘rimo
716 2698 829 2765 vineas
842 2720 952 2786 agere,
973 2704 1122 2775 aratinus

158 2786 261 2869 atque
275 2802 395 2868 aggere
410 2782 565 2871 paludem
580 2807 619 2851 ex
644 2787 713 2854 lere
726 2794 825 2875 atque
840 2788 907 2868 iter
921 2794 1058 2860 munire
1071 2798 1121 2865 eo·

158 2869 313 2935 nabetur.
361 2866 548 2954 Postquam
565 2869 601 2935 id
621 2809 792 2940 difficilius
815 2875 951 2942 confieri
973 2880 1121 2948 animad-

17 3024 22 3031 ,
157 2956 277 3038 vertit,
298 2955 432 3022 silentio
456 2979 474 3037 e
496 2958 619 3045 eastris
639 2961 740 3043 tertia
759 2963 871 3049 vigilia
891 2985 1055 3050 egressus
1070 2992 1121 3037 ao·

157 3042 323 3133 demque
345 3044 846 3117 venerat·itinere'Melodunum
868 3057 1040 3140 pervenit.
1082 3053 1120 3124 ld

158 3139 215 3200 ast
231 3129 388 3220 oppidum
404 3129 581 3217 Senonum,
602 3133 759 3201 ininsula
774 3135 819 3205 Se
867 3161 948 3205 anae
963 3145 1122 3230 positum,

158 3227 200 3287 ut
216 3221 332 3312 paullo
347 3224 422 3287 aute
436 3219 605 3288 Lutetiam
620 3221 776 3297 diximus.
856 3228 1056 3315 eprehensis
1069 3255 1121 3299 na-

158 3401 364 3425 m
455 3440 459 3455 1
613 3446 616 3451 ι
704 3406 767 3453 ''-

97 3572 103 3579 ,
194 3514 346 3640 &delam
379 3490 651 3609 Labieno1vas'idp
670 3524 714 3578 eia
729 3522 842 3610 Casusl·
861 3542 883 3578 a.
901 3525 974 3610 qua
998 3528 1122 3616 tedit-

282 3589 326 3643 ula
343 3593 368 3657 §·
382 3594 425 3648 81.
443 3595 545 3664 psas.
561 3620 598 3637 -
628 3611 660 3647 m
674 3595 816 3659 Senonas]
835 3592 958 3650 obedes
998 3612 1123 3658 cenaui·

227 3653 299 3710 form
311 3658 391 3735 sergi.
407 3678 441 3717 zu
454 3661 514 3717 Lib.
530 3663 552 3719 1.
569 3662 636 3732 Cap.
648 3662 748 3737 xxvi.
762 3682 791 3737 p.
806 3658 851 3718 24.
868 3662 1016 3737 Lingonas.
1079 3671 1082 3675 ’

194 3734 375 3875 Capy&
392 3744 486 3879 ξιξ»
499 3775 532 3791 -
544 3750 705 3843 geruntur}
719 3758 741 3827 a.
758 3746 861 3869 Lumpt
881 3751 909 3819 §.
927 3750 992 3811 507.
1026 3750 1123 3825 Sebula
