2310 4154
384 86 817 219 niernum?
883 88 891 99 ’
978 143 1052 220 ,ω

71 321 187 372 omnes
211 304 281 370 lere
294 300 413 371 Gallos
425 302 640 387 novisrsbus
656 301 794 373 studere
809 311 845 373 ct
864 307 1050 382 adbellum

56 393 245 460 ‘mobiliter
260 391 483 496 celeriterque
498 392 655 471 excitari,
678 414 792 459 omnes
813 404 924 462 autem
942 400 1051 469 homi-

71 501 134 544 nes
153 488 274 544 natura
288 478 442 545 libertati
458 477 597 546 studere
613 487 649 545 et
663 479 886 548 conditionem
905 490 1049 556 servitu·

36 596 42 625 2
71 568 120 632 tis
138 564 260 646 odisse,
282 566 614 653 priusquamplures
631 566 787 633 civitates
803 572 1048 657 conspirarent,

71 652 284 739 partiendum
307 652 432 720 sibiae
452 654 558 735 latius
577 653 849 722 distribuendum
863 660 1047 730 exereitum

41 752 44 758 '
97 742 215 807 utavit.
318 754 328 774 ³
408 796 415 802 .
999 748 1032 807 λ
1124 786 1126 793 2

70 761 93 828 p
158 825 223 894 Xl.
265 823 386 914 Itaque
399 824 446 896 T.
457 823 644 892 Labienum
658 827 806 913 legatum
820 828 856 895 in
870 829 1046 916 Treviros,

13 990 15 994 .
72 914 130 1000 qui
147 914 290 1002 preximi
303 913 421 981 Rheno
442 912 571 978 flumini
590 922 687 994 sunt,
712 937 786 980 cum
802 918 955 1002 equitatu
968 925 1046 990 mit·

71 1004 132 1068 tit.¹
170 1001 259 1087 Huic
275 999 413 1067 mandat
428 999 553 1066 Remos
571 1001 788 1089 reliquosque
806 1002 932 1090 Belgas
947 1007 1046 1078 adeat
1103 1005 1105 1012 ’

70 1097 170 1174 atquc
184 1089 218 1154 in
232 1089 342 1155 officio
357 1086 544 1167 contineat,
564 1084 826 1178 Germanosque,
847 1094 907 1179 qui
921 1096 1046 1165 auxilio

72 1198 91 1240 a
116 1176 233 1262 Belgis
258 1175 413 1241 arcessiti
433 1171 647 1255 dicebantur,
679 1178 794 1265 siper
813 1179 879 1245 vim
903 1183 1050 1253 navibus·
1111 1176 1118 1185 ⁸

67 1262 190 1329 flumen
210 1262 359 1331 transire
380 1268 561 1342 conentur,
588 1263 776 1353 probibeat.
821 1261 862 1333 P.
881 1264 1044 1339 Crassum
1142 1349 1145 1353 ,

22 1358 26 1365 ’
67 1371 151 1414 cum.
169 1349 365 1417 cohortibus
381 1348 576 1434 legionariis
603 1347 776 1417 duodecim
798 1357 835 1418 et
850 1373 968 1440 magno
981 1381 1044 1428 nu·

69 1457 161 1501 mero
182 1437 354 1521 equitatus
372 1433 409 1498 in
427 1434 650 1518 Aquitaniam
695 1436 841 1502 cuticiaci
861 1440 973 1525 iubet,
1000 1469 1043 1514 ns
1083 1482 1088 1497 ι

68 1545 110 1589 ex
132 1522 186 1588 his
209 1520 400 1587 nationibus
424 1519 549 1582 auxilia
570 1519 606 1583 in
629 1519 679 1586 Ga
709 1521 775 1585 iam
803 1524 983 1595 mittantur
1003 1546 1071 1600 ac‘

65 1618 185 1677 tantae
207 1608 367 1675 nationes·
381 1605 634 1689 coniungantur.
686 1603 732 1692 Q.
746 1605 920 1676 Titurium
945 1603 1043 1692 Sabi.

67 1720 146 1764 num
161 1698 309 1783 legatum
320 1715 400 1758 cum
415 1690 603 1778 legionibus
618 1690 728 1757 tribus
742 1693 779 1758 in
791 1691 950 1782 Unellos,
974 1700 1054 1772 cu.
1089 1728 1097 1749 x

68 1786 241 1853 riosulitas
254 1780 419 1860 Lexouios
445 1801 484 1845 ue
500 1778 616 1859 mittit,
632 1779 690 1866 qui
704 1801 777 1847 eam
793 1779 928 1864 manum
943 1788 1042 1860 disti·

39 1879 43 1884 '
60 1872 208 1939 mendam
224 1877 331 1938 curet.
351 1867 410 1949 D.
457 1875 570 1951 rutum
587 1864 831 1935 adolescentem
846 1875 948 1943 classi
959 1875 1042 1946 Gal·
1142 1917 1153 1931 ν

66 1962 212 2047 licisque
223 1957 376 2035 naribus,
397 1977 482 2043 quas
498 1977 537 2020 ex
551 1952 749 2047 Pictonibus
762 1962 798 2022 et
811 1956 970 2029 Santonis
986 1988 1040 2034 rc-
1071 2008 1073 2016 ·

66 2048 236 2135 liquisqus
269 2044 400 2132 pacatis
440 2040 632 2130 regionibus
668 2043 843 2110 convenire
881 2027 1074 2136 iusserat*

67 2135 282 2225 praeficitet
309 2152 384 2198 cum
411 2131 556 2218 primum
587 2127 696 2216 possit
723 2129 759 2195 in
780 2128 930 2203 Venetos
985 2159 1045 2210 ro·'

65 2224 171 2290 ficisci
183 2221 287 2291 iubet.
330 2219 408 2308 lpse
422 2239 462 2284 eo
481 2215 694 2305 pedestribus
708 2217 815 2306 copiis
830 2160 1015 2299 contendit.

100 2341 104 2346 ·
152 2308 236 2378 XII.
277 2306 387 2374 Erant
398 2303 563 2371 eiusmodi
576 2303 647 2370 lere
662 2305 750 2370 situs
766 2308 975 2409 oppidorum,
998 2321 1038 2382 ut

53 2396 180 2489 *posito
201 2399 236 2462 in
258 2392 417 2463 extremis
438 2391 577 2480 lingulis
598 2393 905 2482 promunturiisque
929 2421 1039 2490 nsque

66 2573 272 2589 m

33 2726 37 2730 -
100 2689 138 2744 Ca
160 2688 213 2744 0X.
247 2688 374 2758 studere]
387 2687 424 2740 *in
438 2685 537 2741 luccen
551 2682 806 2743 Zwiscbeur'a'umen
818 2680 982 2746 wiedcrbolt.
1006 2692 1037 2762 S,

56 2784 59 2788 ·
132 2708 192 2811 dib.
207 2757 229 2811 l.
248 2757 314 2828 Cap.
326 2754 410 2811 XXV
411 2755 432 2808 l·
472 2758 536 2811 ,Ἀ
553 2752 1038 2815 obiecerant-couiieiebaut-sub·

131 2827 265 2882 iiciebant.
290 2826 451 2898 capitio<
477 2822 499 2876 l.
516 2825 595 2896 pau,
613 2820 867 2890 tacere-taceres,
883 2829 1036 2902 vorzliglicb
1105 2875 1109 2879 .

132 2897 199 2967 Cap.
215 2893 340 2949 XLVIII.
359 2913 385 2965 p.
400 2895 443 2948 51.
461 2893 683 2947 astra-castris
693 2901 961 2951 -caslce-casns.

100 2966 137 3022 Ca
158 2964 231 3021 .Xl.
265 2962 451 3031 inIrem'ros]
475 2980 498 3015 a.
512 2958 634 3031 capvt
653 2959 730 3014 lctztc
744 2960 824 3017 num.
842 2989 876 3005 -
907 2969 1039 3033 proximi

131 2985 230 3087 ducac
243 3033 377 3104 flumini]
408 3030 475 3083 diess
495 3026 540 3081 did
557 3027 657 3098 sineigs
677 3026 889 3086 Consti-ustioni
920 3031 1036 3108 SsCap.

132 3102 193 3156 Vll.
217 3123 251 3168 cu
270 3103 408 3175 proximus
431 3116 504 3152 mace
520 3088 668 3154 Oceanum.
689 3126 725 3142 -
765 3104 1048 3174 mandat-adeat]
1091 3132 1096 3142 ι

30 3205 34 3210 -
132 3170 198 3224 iiber
216 3171 501 3239 dieAuslassungvon
517 3175 547 3219 ut
564 3184 586 3218 s.
603 3165 669 3239 Cap.
679 3162 713 3220 V.
731 3186 759 3238 p·
773 3169 816 3223 92.
835 3186 871 3220 zu
884 3165 1037 3235 intermitte-
1079 3168 1081 3180 ¹

132 3250 200 3291 rant.
217 3268 251 3281 -ι
283 3241 407 3303 auxiliis]
426 3247 478 3291 was
490 3234 593 3289 suc-cin
601 3234 751 3299 Dstivls-
781 3235 918 3304 perusin]
935 3236 965 3293 S.
974 3239 1036 3298 Lib.

133 3307 154 3358 1.
173 3308 236 3379 Cap.
253 3307 299 3361 Vi.
315 3330 344 3380 p.
358 3311 384 3363 6.
402 3324 437 3359 au
449 3304 474 3358 vi
489 3313 637 3360 coacturos.
662 3330 698 3347 -
715 3356 719 3365 ,
737 3320 801 3355 eam
822 3307 955 3376 manum]
980 3314 1035 3367 m,

131 3375 221 3447 copias
233 3394 262 3427 ex
274 3375 381 3432 Unellis
394 3385 443 3427 etc.
460 3373 598 3445 cogendas.
621 3399 655 3417 -ι
695 3375 786 3436 cieret]
810 3369 859 3422 dcc
873 3371 1035 3435 Coniunctis

131 3444 199 3508 nach
220 3445 267 3514 qui
285 3446 332 3498 der
345 3441 569 3505 Absimnsowie
582 3439 744 3507 dccAblstiv
756 3439 1035 3516 pedestrrbmopp‘,
1123 3508 1127 3515 ι

131 3518 237 3564 niussen
253 3512 327 3565 bcide
340 3509 474 3567 nunmcbr
502 3509 611 3579 cl'aufigc
625 3508 849 3566 &seductiones
863 3513 931 3572 sein.

97 3579 164 3651 Cap.
180 3580 241 3632 ΧΠ.
274 3581 359 3651 situs]
383 3578 474 3632 weber
485 3529 532 3632 der
546 3578 638 3630 Plural
652 3577 698 3631 des
710 3576 903 3661 Abstractum?
928 3583 1032 3667 Zumpt
1133 3590 1137 3597 '

128 3656 155 3716 §.
168 3652 211 3704 92.
226 3666 259 3702 zu
273 3650 335 3715 Ani.
360 3646 459 3701 schulz
473 3651 501 3712 §.
512 3651 556 3707 31.
572 3645 620 3698 Nc.
634 3645 659 3704 2.
670 3649 703 3716 Ι1,
721 3669 756 3685 ·-
777 3665 820 3700 ιη
832 3654 968 3705 extremis
979 3655 1032 3703 lm·
1142 3680 1145 3699 1

68 3732 71 3739 ·
126 3723 214 3787 gulis]
239 3717 343 3771 iaie-zu
362 3716 536 3793 iibersctseu?
568 3714 670 3793 Zumpt
691 3718 716 3781 §.
732 3715 792 3772 685.
824 3715 925 3773 schulz
945 3721 1027 3791 §.⁴94.

126 3791 175 3842 Nr.
189 3790 215 3842 4.
622 3788 631 3851 ,’
725 3806 727 3811 ·
1041 3814 1044 3819 ·

13 3862 18 3881 ¹
64 3881 66 3885 ’
105 3875 204 3932 alul.
226 3873 341 3929 Cacsar.
423 3943 432 3955 ἱ
488 3876 503 3903 ’“
790 3850 822 3920 G
