<?xml version="1.0" encoding="UTF-8"?>
<!DOCTYPE html PUBLIC "-//W3C//DTD XHTML 1.0 Transitional//EN"
    "http://www.w3.org/TR/xhtml1/DTD/xhtml1-transitional.dtd">
<html xmlns="http://www.w3.org/1999/xhtml" xml:lang="en" lang="en">
 <head>
  <title>
</title>
<meta http-equiv="Content-Type" content="text/html;charset=utf-8" />
  <meta name='ocr-system' content='tesseract 3.04.00' />
  <meta name='ocr-capabilities' content='ocr_page ocr_carea ocr_par ocr_line ocrx_word'/>
</head>
<body>
  <div class='ocr_page' id='page_1' title='image "./ciuliicaesarisc03caesgoog_0145.png"; bbox 0 0 2310 4148; ppageno 0'>
   <div class='ocr_carea' id='block_1_1' title="bbox 26 104 999 255">
    <p class='ocr_par' dir='ltr' id='par_1_1' title="bbox 26 104 999 255">
     <span class='ocr_line' id='line_1_1' title="bbox 26 104 999 255; baseline -0.009 -26"><span class='ocrx_word' id='word_1_1' title='bbox 26 122 34 136; x_wconf 81' lang='grc'><strong><em>’</em></strong></span> <span class='ocrx_word' id='word_1_2' title='bbox 138 160 207 228; x_wconf 76' lang='lat' dir='ltr'><strong>aas</strong></span> <span class='ocrx_word' id='word_1_3' title='bbox 269 130 273 137; x_wconf 86' lang='grc'><strong><em>’</em></strong></span> <span class='ocrx_word' id='word_1_4' title='bbox 342 150 912 255; x_wconf 74' lang='lat' dir='ltr'><strong>osnnnnoounuco</strong></span> <span class='ocrx_word' id='word_1_5' title='bbox 995 104 999 109; x_wconf 55' lang='grc'><strong>’</strong></span> 
     </span>
    </p>
   </div>
   <div class='ocr_carea' id='block_1_2' title="bbox 39 326 1147 1031">
    <p class='ocr_par' dir='ltr' id='par_1_2' title="bbox 39 326 1147 1031">
     <span class='ocr_line' id='line_1_2' title="bbox 138 326 1117 421; baseline -0.001 -22"><span class='ocrx_word' id='word_1_6' title='bbox 138 334 335 421; x_wconf 79' lang='lat' dir='ltr'><strong>exspectare</strong></span> <span class='ocrx_word' id='word_1_7' title='bbox 357 334 459 418; x_wconf 73' lang='lat' dir='ltr'><strong>atquo</strong></span> <span class='ocrx_word' id='word_1_8' title='bbox 478 328 527 394; x_wconf 91' lang='lat' dir='ltr'><strong>ibi</strong></span> <span class='ocrx_word' id='word_1_9' title='bbox 547 326 721 394; x_wconf 83' lang='lat' dir='ltr'><strong>decertare</strong></span> <span class='ocrx_word' id='word_1_10' title='bbox 740 328 969 405; x_wconf 86' lang='lat' dir='ltr'><strong>constituisse.</strong></span> <span class='ocrx_word' id='word_1_11' title='bbox 1015 330 1117 418; x_wconf 77' lang='lat' dir='ltr'><strong>Quod</strong></span> 
     </span>
     <span class='ocr_line' id='line_1_3' title="bbox 54 402 1118 506; baseline 0 -20"><span class='ocrx_word' id='word_1_12' title='bbox 54 438 56 445; x_wconf 84' lang='lat'>·</span> <span class='ocrx_word' id='word_1_13' title='bbox 111 402 115 415; x_wconf 50' lang='lat'>¹</span> <span class='ocrx_word' id='word_1_14' title='bbox 141 420 200 486; x_wconf 87' lang='lat' dir='ltr'><strong>ubi</strong></span> <span class='ocrx_word' id='word_1_15' title='bbox 224 418 352 487; x_wconf 84' lang='lat' dir='ltr'><strong>Caesar</strong></span> <span class='ocrx_word' id='word_1_16' title='bbox 366 417 554 506; x_wconf 83' lang='lat' dir='ltr'><strong>comperit,</strong></span> <span class='ocrx_word' id='word_1_17' title='bbox 583 415 736 482; x_wconf 91' lang='lat' dir='ltr'><strong>omnibus</strong></span> <span class='ocrx_word' id='word_1_18' title='bbox 751 416 805 480; x_wconf 90' lang='lat' dir='ltr'><strong>bis</strong></span> <span class='ocrx_word' id='word_1_19' title='bbox 821 415 922 481; x_wconf 87' lang='lat' dir='ltr'><strong>rebus</strong></span> <span class='ocrx_word' id='word_1_20' title='bbox 942 418 1118 501; x_wconf 84' lang='lat' dir='ltr'><strong>confectis,</strong></span> 
     </span>
     <span class='ocr_line' id='line_1_4' title="bbox 142 500 1117 594; baseline 0.002 -23"><span class='ocrx_word' id='word_1_21' title='bbox 142 527 285 594; x_wconf 87' lang='lat' dir='ltr'><strong>quarum</strong></span> <span class='ocrx_word' id='word_1_22' title='bbox 313 526 425 571; x_wconf 77' lang='lat' dir='ltr'><strong>neriam</strong></span> <span class='ocrx_word' id='word_1_23' title='bbox 452 525 572 570; x_wconf 80' lang='lat' dir='ltr'><strong>caussa</strong></span> <span class='ocrx_word' id='word_1_24' title='bbox 594 500 811 568; x_wconf 80' lang='lat' dir='ltr'><strong>transducere</strong></span> <span class='ocrx_word' id='word_1_25' title='bbox 832 505 1015 587; x_wconf 76' lang='lat' dir='ltr'><strong>exercitum</strong></span> <span class='ocrx_word' id='word_1_26' title='bbox 1037 510 1117 573; x_wconf 87' lang='lat' dir='ltr'><strong>cou-</strong></span> 
     </span>
     <span class='ocr_line' id='line_1_5' title="bbox 54 578 1117 683; baseline 0.002 -24"><span class='ocrx_word' id='word_1_27' title='bbox 54 601 56 607; x_wconf 83' lang='grc'><em>’</em></span> <span class='ocrx_word' id='word_1_28' title='bbox 110 660 113 683; x_wconf 52' lang='grc'>,</span> <span class='ocrx_word' id='word_1_29' title='bbox 142 585 325 673; x_wconf 72' lang='lat' dir='ltr'><strong>stituer&#39;at,</strong></span> <span class='ocrx_word' id='word_1_30' title='bbox 360 603 400 656; x_wconf 90' lang='lat' dir='ltr'><strong>ut</strong></span> <span class='ocrx_word' id='word_1_31' title='bbox 430 589 605 657; x_wconf 82' lang='lat' dir='ltr'><strong>Germanis</strong></span> <span class='ocrx_word' id='word_1_32' title='bbox 636 596 758 655; x_wconf 87' lang='lat' dir='ltr'><strong>metum</strong></span> <span class='ocrx_word' id='word_1_33' title='bbox 787 588 957 672; x_wconf 82' lang='lat' dir='ltr'><strong>iniicerot,</strong></span> <span class='ocrx_word' id='word_1_34' title='bbox 991 599 1031 658; x_wconf 91' lang='lat' dir='ltr'><strong>ut</strong></span> <span class='ocrx_word' id='word_1_35' title='bbox 1060 578 1117 662; x_wconf 79' lang='lat' dir='ltr'><strong>Si-</strong></span> 
     </span>
     <span class='ocr_line' id='line_1_6' title="bbox 142 675 1147 767; baseline 0.001 -22"><span class='ocrx_word' id='word_1_36' title='bbox 142 681 300 767; x_wconf 80' lang='lat' dir='ltr'><strong>gambros</strong></span> <span class='ocrx_word' id='word_1_37' title='bbox 337 680 660 752; x_wconf 61' lang='lat' dir='ltr'><strong>ulcisceretur,1ut</strong></span> <span class='ocrx_word' id='word_1_38' title='bbox 691 675 797 742; x_wconf 80' lang='lat' dir='ltr'><strong>Ubios</strong></span> <span class='ocrx_word' id='word_1_39' title='bbox 826 676 998 744; x_wconf 71' lang='lat' dir='ltr'><strong>obsidione</strong></span> <span class='ocrx_word' id='word_1_40' title='bbox 1028 682 1118 755; x_wconf 78' lang='lat' dir='ltr'><strong>libs-</strong></span> <span class='ocrx_word' id='word_1_41' title='bbox 1145 685 1147 689; x_wconf 50' lang='lat'><em>⁴</em></span> 
     </span>
     <span class='ocr_line' id='line_1_7' title="bbox 138 765 1117 847; baseline 0.002 -14"><span class='ocrx_word' id='word_1_42' title='bbox 138 777 251 847; x_wconf 80' lang='lat' dir='ltr'><strong>naret,</strong></span> <span class='ocrx_word' id='word_1_43' title='bbox 281 766 400 832; x_wconf 89' lang='lat' dir='ltr'><strong>diebus</strong></span> <span class='ocrx_word' id='word_1_44' title='bbox 419 765 552 831; x_wconf 86' lang='lat' dir='ltr'><strong>omnino</strong></span> <span class='ocrx_word' id='word_1_45' title='bbox 573 787 595 827; x_wconf 85' lang='lat' dir='ltr'>x</span> <span class='ocrx_word' id='word_1_46' title='bbox 614 772 648 829; x_wconf 88' lang='lat' dir='ltr'><strong>et</strong></span> <span class='ocrx_word' id='word_1_47' title='bbox 665 784 731 829; x_wconf 84' lang='lat' dir='ltr'><strong>vm</strong></span> <span class='ocrx_word' id='word_1_48' title='bbox 753 771 846 828; x_wconf 91' lang='lat' dir='ltr'><strong>trans</strong></span> <span class='ocrx_word' id='word_1_49' title='bbox 868 765 1019 832; x_wconf 86' lang='lat' dir='ltr'><strong>Rhenum</strong></span> <span class='ocrx_word' id='word_1_50' title='bbox 1032 774 1117 843; x_wconf 77' lang='lat' dir='ltr'><strong>coir-</strong></span> 
     </span>
     <span class='ocr_line' id='line_1_8' title="bbox 140 848 1121 943; baseline -0.002 -20"><span class='ocrx_word' id='word_1_51' title='bbox 140 854 288 943; x_wconf 82' lang='lat' dir='ltr'><strong>sumptis</strong></span> <span class='ocrx_word' id='word_1_52' title='bbox 311 854 396 919; x_wconf 88' lang='lat' dir='ltr'><strong>satis</strong></span> <span class='ocrx_word' id='word_1_53' title='bbox 419 860 454 918; x_wconf 91' lang='lat' dir='ltr'><strong>ot</strong></span> <span class='ocrx_word' id='word_1_54' title='bbox 479 851 522 916; x_wconf 85' lang='lat' dir='ltr'><strong>ad</strong></span> <span class='ocrx_word' id='word_1_55' title='bbox 546 850 680 916; x_wconf 89' lang='lat' dir='ltr'><strong>laudem</strong></span> <span class='ocrx_word' id='word_1_56' title='bbox 703 848 803 916; x_wconf 85' lang='lat' dir='ltr'><strong>etad</strong></span> <span class='ocrx_word' id='word_1_57' title='bbox 826 852 1009 920; x_wconf 78' lang='lat' dir='ltr'><strong>utilitatem</strong></span> <span class='ocrx_word' id='word_1_58' title='bbox 1034 878 1121 943; x_wconf 82' lang='lat' dir='ltr'><strong>pro--</strong></span> 
     </span>
     <span class='ocr_line' id='line_1_9' title="bbox 39 937 1116 1031; baseline 0.002 -24"><span class='ocrx_word' id='word_1_59' title='bbox 39 1008 44 1023; x_wconf 34' lang='grc' dir='ltr'>ι</span> <span class='ocrx_word' id='word_1_60' title='bbox 94 937 96 944; x_wconf 48' lang='lat'><strong><em>⁴</em></strong></span> <span class='ocrx_word' id='word_1_61' title='bbox 141 943 264 1007; x_wconf 86' lang='lat' dir='ltr'><strong>lectum</strong></span> <span class='ocrx_word' id='word_1_62' title='bbox 289 942 474 1006; x_wconf 78' lang='lat' dir='ltr'><strong>arbitratus</strong></span> <span class='ocrx_word' id='word_1_63' title='bbox 496 961 533 1005; x_wconf 92' lang='lat' dir='ltr'><strong>se</strong></span> <span class='ocrx_word' id='word_1_64' title='bbox 553 939 589 1003; x_wconf 89' lang='lat' dir='ltr'><strong>io</strong></span> <span class='ocrx_word' id='word_1_65' title='bbox 609 937 754 1004; x_wconf 84' lang='lat' dir='ltr'><strong>Galliam</strong></span> <span class='ocrx_word' id='word_1_66' title='bbox 771 941 899 1025; x_wconf 83' lang='lat' dir='ltr'><strong>recepit</strong></span> <span class='ocrx_word' id='word_1_67' title='bbox 912 952 1116 1031; x_wconf 86' lang='lat' dir='ltr'><strong>pontemque</strong></span> 
     </span>
    </p>
   </div>
   <div class='ocr_carea' id='block_1_3' title="bbox 29 1027 398 1107">
    <p class='ocr_par' dir='ltr' id='par_1_3' title="bbox 29 1027 398 1107">
     <span class='ocr_line' id='line_1_10' title="bbox 29 1027 398 1107; baseline -0.019 -11"><span class='ocrx_word' id='word_1_68' title='bbox 29 1030 32 1035; x_wconf 46' lang='lat'><em>⁴</em></span> <span class='ocrx_word' id='word_1_69' title='bbox 141 1027 295 1107; x_wconf 81' lang='lat' dir='ltr'><strong>rescidit.</strong></span> <span class='ocrx_word' id='word_1_70' title='bbox 352 1080 354 1086; x_wconf 95' lang='lat'>.</span> <span class='ocrx_word' id='word_1_71' title='bbox 395 1069 398 1073; x_wconf 90' lang='lat'><em>-</em></span> 
     </span>
    </p>
   </div>
   <div class='ocr_carea' id='block_1_4' title="bbox 46 1111 1143 2595">
    <p class='ocr_par' dir='ltr' id='par_1_4' title="bbox 46 1111 1143 2595">
     <span class='ocr_line' id='line_1_11' title="bbox 136 1111 1115 1199; baseline 0.002 -16"><span class='ocrx_word' id='word_1_72' title='bbox 136 1170 169 1183; x_wconf 92' lang='lat'><strong>..</strong></span> <span class='ocrx_word' id='word_1_73' title='bbox 229 1113 311 1181; x_wconf 87' lang='lat' dir='ltr'><strong>XX.</strong></span> <span class='ocrx_word' id='word_1_74' title='bbox 361 1112 493 1198; x_wconf 79' lang='lat' dir='ltr'><strong>Exigua</strong></span> <span class='ocrx_word' id='word_1_75' title='bbox 522 1117 618 1198; x_wconf 85' lang='lat' dir='ltr'><strong>parte</strong></span> <span class='ocrx_word' id='word_1_76' title='bbox 647 1112 788 1176; x_wconf 85' lang='lat' dir='ltr'><strong>aestatis</strong></span> <span class='ocrx_word' id='word_1_77' title='bbox 816 1114 946 1199; x_wconf 87' lang='lat' dir='ltr'><strong>reliqua</strong></span> <span class='ocrx_word' id='word_1_78' title='bbox 973 1111 1115 1199; x_wconf 82' lang='lat' dir='ltr'><strong>Caesar,</strong></span> 
     </span>
     <span class='ocr_line' id='line_1_12' title="bbox 67 1190 1115 1289; baseline 0.008 -26"><span class='ocrx_word' id='word_1_79' title='bbox 67 1257 70 1263; x_wconf 88' lang='lat'>.</span> <span class='ocrx_word' id='word_1_80' title='bbox 141 1203 207 1267; x_wconf 81' lang='lat' dir='ltr'><strong>atsi</strong></span> <span class='ocrx_word' id='word_1_81' title='bbox 227 1203 262 1265; x_wconf 89' lang='lat' dir='ltr'><strong>in</strong></span> <span class='ocrx_word' id='word_1_82' title='bbox 284 1200 336 1265; x_wconf 89' lang='lat' dir='ltr'><strong>his</strong></span> <span class='ocrx_word' id='word_1_83' title='bbox 351 1200 454 1279; x_wconf 87' lang='lat' dir='ltr'><strong>locis,</strong></span> <span class='ocrx_word' id='word_1_84' title='bbox 483 1197 573 1284; x_wconf 88' lang='lat' dir='ltr'><strong>quod</strong></span> <span class='ocrx_word' id='word_1_85' title='bbox 589 1198 695 1262; x_wconf 88' lang='lat' dir='ltr'><strong>omnis</strong></span> <span class='ocrx_word' id='word_1_86' title='bbox 714 1190 825 1264; x_wconf 80' lang='lat' dir='ltr'><strong>Gallia</strong></span> <span class='ocrx_word' id='word_1_87' title='bbox 845 1200 888 1264; x_wconf 87' lang='lat' dir='ltr'><strong>ad</strong></span> <span class='ocrx_word' id='word_1_88' title='bbox 913 1204 1115 1289; x_wconf 86' lang='lat' dir='ltr'><strong>septentrio-</strong></span> 
     </span>
     <span class='ocr_line' id='line_1_13' title="bbox 142 1284 1143 1370; baseline 0.001 -18"><span class='ocrx_word' id='word_1_89' title='bbox 142 1309 202 1352; x_wconf 86' lang='lat' dir='ltr'><strong>nes</strong></span> <span class='ocrx_word' id='word_1_90' title='bbox 224 1287 351 1370; x_wconf 81' lang='lat' dir='ltr'><strong>rergit,</strong></span> <span class='ocrx_word' id='word_1_91' title='bbox 379 1295 529 1350; x_wconf 89' lang='lat' dir='ltr'><strong>maturae</strong></span> <span class='ocrx_word' id='word_1_92' title='bbox 547 1293 626 1350; x_wconf 88' lang='lat' dir='ltr'><strong>sunt</strong></span> <span class='ocrx_word' id='word_1_93' title='bbox 641 1284 783 1369; x_wconf 50' lang='lat' dir='ltr'><strong>hiemem</strong></span> <span class='ocrx_word' id='word_1_94' title='bbox 805 1296 915 1353; x_wconf 90' lang='lat' dir='ltr'><strong>tamen</strong></span> <span class='ocrx_word' id='word_1_95' title='bbox 927 1290 961 1353; x_wconf 91' lang='lat' dir='ltr'><strong>in</strong></span> <span class='ocrx_word' id='word_1_96' title='bbox 973 1288 1115 1357; x_wconf 83' lang='lat' dir='ltr'><strong>Britan·</strong></span> <span class='ocrx_word' id='word_1_97' title='bbox 1136 1328 1143 1353; x_wconf 62' lang='grc' dir='ltr'><em>ι</em></span> 
     </span>
     <span class='ocr_line' id='line_1_14' title="bbox 141 1370 1114 1474; baseline 0.007 -36"><span class='ocrx_word' id='word_1_98' title='bbox 141 1376 229 1447; x_wconf 79' lang='lat' dir='ltr'><strong>niano</strong></span> <span class='ocrx_word' id='word_1_99' title='bbox 248 1372 416 1462; x_wconf 81' lang='lat' dir='ltr'><strong>proficisci</strong></span> <span class='ocrx_word' id='word_1_100' title='bbox 436 1371 624 1450; x_wconf 84' lang='lat' dir='ltr'><strong>contendit,</strong></span> <span class='ocrx_word' id='word_1_101' title='bbox 645 1370 733 1474; x_wconf 72' lang='lat' dir='ltr'><strong>quod</strong></span> <span class='ocrx_word' id='word_1_102' title='bbox 749 1374 902 1439; x_wconf 90' lang='lat' dir='ltr'><strong>omnibus</strong></span> <span class='ocrx_word' id='word_1_103' title='bbox 919 1376 988 1441; x_wconf 86' lang='lat' dir='ltr'><strong>iere</strong></span> <span class='ocrx_word' id='word_1_104' title='bbox 1004 1377 1114 1445; x_wconf 80' lang='lat' dir='ltr'><strong>Galli-</strong></span> 
     </span>
     <span class='ocr_line' id='line_1_15' title="bbox 135 1457 1114 1532; baseline 0.005 -5"><span class='ocrx_word' id='word_1_105' title='bbox 135 1462 190 1528; x_wconf 87' lang='lat' dir='ltr'><strong>cis</strong></span> <span class='ocrx_word' id='word_1_106' title='bbox 214 1461 315 1527; x_wconf 86' lang='lat' dir='ltr'><strong>bellis</strong></span> <span class='ocrx_word' id='word_1_107' title='bbox 336 1460 491 1529; x_wconf 82' lang='lat' dir='ltr'><strong>hostibus</strong></span> <span class='ocrx_word' id='word_1_108' title='bbox 511 1460 638 1525; x_wconf 91' lang='lat' dir='ltr'><strong>nostris</strong></span> <span class='ocrx_word' id='word_1_109' title='bbox 654 1457 731 1525; x_wconf 79' lang='lat' dir='ltr'><strong>inde</strong></span> <span class='ocrx_word' id='word_1_110' title='bbox 750 1461 1005 1529; x_wconf 85' lang='lat' dir='ltr'><strong>subministrata</strong></span> <span class='ocrx_word' id='word_1_111' title='bbox 1018 1466 1114 1532; x_wconf 76' lang='lat' dir='ltr'><strong>auni-</strong></span> 
     </span>
     <span class='ocr_line' id='line_1_16' title="bbox 137 1546 1035 1633; baseline 0.004 -19"><span class='ocrx_word' id='word_1_112' title='bbox 137 1548 187 1616; x_wconf 87' lang='lat' dir='ltr'><strong>lia</strong></span> <span class='ocrx_word' id='word_1_113' title='bbox 208 1546 437 1633; x_wconf 81' lang='lat' dir='ltr'><strong>intelligebat,</strong></span> <span class='ocrx_word' id='word_1_114' title='bbox 465 1554 517 1628; x_wconf 89' lang='lat' dir='ltr'><strong>et,</strong></span> <span class='ocrx_word' id='word_1_115' title='bbox 547 1549 578 1612; x_wconf 87' lang='lat' dir='ltr'><strong>si</strong></span> <span class='ocrx_word' id='word_1_116' title='bbox 599 1554 732 1633; x_wconf 86' lang='lat' dir='ltr'><strong>tempus</strong></span> <span class='ocrx_word' id='word_1_117' title='bbox 752 1552 830 1613; x_wconf 91' lang='lat' dir='ltr'><strong>anni</strong></span> <span class='ocrx_word' id='word_1_118' title='bbox 849 1548 892 1613; x_wconf 71' lang='lat' dir='ltr'><strong>acl</strong></span> <span class='ocrx_word' id='word_1_119' title='bbox 910 1549 1035 1625; x_wconf 86' lang='lat' dir='ltr'><strong>bellum</strong></span> 
     </span>
     <span class='ocr_line' id='line_1_17' title="bbox 139 1575 1114 1716; baseline 0.002 -15"><span class='ocrx_word' id='word_1_120' title='bbox 139 1635 279 1716; x_wconf 76' lang='lat' dir='ltr'><strong>rendum</strong></span> <span class='ocrx_word' id='word_1_121' title='bbox 294 1634 470 1715; x_wconf 79' lang='lat' dir='ltr'><strong>deficeret,</strong></span> <span class='ocrx_word' id='word_1_122' title='bbox 491 1642 602 1700; x_wconf 89' lang='lat' dir='ltr'><strong>tamen</strong></span> <span class='ocrx_word' id='word_1_123' title='bbox 620 1655 738 1716; x_wconf 82' lang='lat' dir='ltr'><strong>magno</strong></span> <span class='ocrx_word' id='word_1_124' title='bbox 755 1636 821 1701; x_wconf 89' lang='lat' dir='ltr'><strong>sibi</strong></span> <span class='ocrx_word' id='word_1_125' title='bbox 837 1636 1000 1704; x_wconf 88' lang='lat' dir='ltr'><strong>usuifore</strong></span> <span class='ocrx_word' id='word_1_126' title='bbox 1020 1575 1114 1707; x_wconf 66' lang='lat' dir='ltr'><strong>arbi-</strong></span> 
     </span>
     <span class='ocr_line' id='line_1_18' title="bbox 139 1719 1112 1807; baseline 0.008 -20"><span class='ocrx_word' id='word_1_127' title='bbox 139 1724 314 1801; x_wconf 86' lang='lat' dir='ltr'><strong>trabatur,</strong></span> <span class='ocrx_word' id='word_1_128' title='bbox 335 1719 477 1786; x_wconf 87' lang='lat' dir='ltr'><strong>simodo</strong></span> <span class='ocrx_word' id='word_1_129' title='bbox 492 1721 635 1786; x_wconf 89' lang='lat' dir='ltr'><strong>insulam</strong></span> <span class='ocrx_word' id='word_1_130' title='bbox 654 1720 782 1786; x_wconf 86' lang='lat' dir='ltr'><strong>adisset</strong></span> <span class='ocrx_word' id='word_1_131' title='bbox 788 1752 807 1797; x_wconf 61' lang='lat'><strong>,¹</strong></span> <span class='ocrx_word' id='word_1_132' title='bbox 823 1743 927 1804; x_wconf 83' lang='lat' dir='ltr'><strong>genus</strong></span> <span class='ocrx_word' id='word_1_133' title='bbox 940 1724 1112 1807; x_wconf 74' lang='lat' dir='ltr'><strong>homiuum</strong></span> 
     </span>
     <span class='ocr_line' id='line_1_19' title="bbox 46 1802 1111 1901; baseline 0.008 -29"><span class='ocrx_word' id='word_1_134' title='bbox 46 1816 48 1821; x_wconf 86' lang='lat'>&#39;</span> <span class='ocrx_word' id='word_1_135' title='bbox 137 1802 379 1897; x_wconf 69' lang='lat' dir='ltr'><strong>perspexisset,</strong></span> <span class='ocrx_word' id='word_1_136' title='bbox 397 1809 482 1886; x_wconf 88' lang='lat' dir='ltr'><strong>loca,</strong></span> <span class='ocrx_word' id='word_1_137' title='bbox 497 1814 630 1895; x_wconf 86' lang='lat' dir='ltr'><strong>portus,</strong></span> <span class='ocrx_word' id='word_1_138' title='bbox 645 1806 757 1873; x_wconf 87' lang='lat' dir='ltr'><strong>aditus</strong></span> <span class='ocrx_word' id='word_1_139' title='bbox 773 1810 1000 1893; x_wconf 59' lang='lat' dir='ltr'><strong>cognovissem</strong></span> <span class='ocrx_word' id='word_1_140' title='bbox 1022 1836 1111 1901; x_wconf 86' lang='lat' dir='ltr'><strong>quac</strong></span> 
     </span>
     <span class='ocr_line' id='line_1_20' title="bbox 138 1894 1111 1983; baseline 0.007 -22"><span class='ocrx_word' id='word_1_141' title='bbox 138 1899 248 1971; x_wconf 86' lang='lat' dir='ltr'><strong>omnia</strong></span> <span class='ocrx_word' id='word_1_142' title='bbox 269 1897 339 1960; x_wconf 88' lang='lat' dir='ltr'><strong>lere</strong></span> <span class='ocrx_word' id='word_1_143' title='bbox 362 1894 472 1960; x_wconf 81' lang='lat' dir='ltr'><strong>Gallis</strong></span> <span class='ocrx_word' id='word_1_144' title='bbox 488 1902 585 1960; x_wconf 87' lang='lat' dir='ltr'><strong>erant</strong></span> <span class='ocrx_word' id='word_1_145' title='bbox 597 1894 776 1978; x_wconf 84' lang='lat' dir='ltr'><strong>incognita.</strong></span> <span class='ocrx_word' id='word_1_146' title='bbox 821 1894 941 1983; x_wconf 82' lang='lat' dir='ltr'><strong>Neque</strong></span> <span class='ocrx_word' id='word_1_147' title='bbox 957 1902 1045 1966; x_wconf 88' lang='lat' dir='ltr'><strong>enim</strong></span> <span class='ocrx_word' id='word_1_148' title='bbox 1059 1911 1111 1969; x_wconf 85' lang='lat' dir='ltr'><strong>to-</strong></span> 
     </span>
     <span class='ocr_line' id='line_1_21' title="bbox 138 1981 1111 2076; baseline 0.004 -27"><span class='ocrx_word' id='word_1_149' title='bbox 138 2006 229 2049; x_wconf 84' lang='lat' dir='ltr'><strong>mara</strong></span> <span class='ocrx_word' id='word_1_150' title='bbox 250 1991 384 2070; x_wconf 86' lang='lat' dir='ltr'><strong>praeter</strong></span> <span class='ocrx_word' id='word_1_151' title='bbox 404 1989 605 2048; x_wconf 85' lang='lat' dir='ltr'><strong>mercatores</strong></span> <span class='ocrx_word' id='word_1_152' title='bbox 621 1983 681 2046; x_wconf 91' lang='lat' dir='ltr'><strong>illo</strong></span> <span class='ocrx_word' id='word_1_153' title='bbox 696 1981 767 2047; x_wconf 89' lang='lat' dir='ltr'><strong>adit</strong></span> <span class='ocrx_word' id='word_1_154' title='bbox 784 1984 978 2068; x_wconf 87' lang='lat' dir='ltr'><strong>qnisquam,</strong></span> <span class='ocrx_word' id='word_1_155' title='bbox 1001 2010 1111 2076; x_wconf 83' lang='lat' dir='ltr'><strong>nsque</strong></span> 
     </span>
     <span class='ocr_line' id='line_1_22' title="bbox 138 2070 1112 2163; baseline 0.005 -29"><span class='ocrx_word' id='word_1_156' title='bbox 138 2071 181 2136; x_wconf 91' lang='lat' dir='ltr'><strong>iis</strong></span> <span class='ocrx_word' id='word_1_157' title='bbox 203 2071 288 2158; x_wconf 91' lang='lat' dir='ltr'><strong>ipsis</strong></span> <span class='ocrx_word' id='word_1_158' title='bbox 312 2072 488 2155; x_wconf 88' lang='lat' dir='ltr'><strong>quicquam</strong></span> <span class='ocrx_word' id='word_1_159' title='bbox 508 2075 643 2156; x_wconf 85' lang='lat' dir='ltr'><strong>praetor</strong></span> <span class='ocrx_word' id='word_1_160' title='bbox 664 2090 755 2133; x_wconf 86' lang='lat' dir='ltr'><strong>oram</strong></span> <span class='ocrx_word' id='word_1_161' title='bbox 783 2070 992 2161; x_wconf 82' lang='lat' dir='ltr'><strong>maritumam</strong></span> <span class='ocrx_word' id='word_1_162' title='bbox 1007 2082 1112 2163; x_wconf 77' lang='lat' dir='ltr'><strong>atque</strong></span> 
     </span>
     <span class='ocr_line' id='line_1_23' title="bbox 138 2154 1140 2242; baseline 0.01 -21"><span class='ocrx_word' id='word_1_163' title='bbox 138 2180 195 2223; x_wconf 75' lang='lat' dir='ltr'><strong>ears</strong></span> <span class='ocrx_word' id='word_1_164' title='bbox 211 2157 381 2241; x_wconf 86' lang='lat' dir='ltr'><strong>regiones,</strong></span> <span class='ocrx_word' id='word_1_165' title='bbox 404 2177 489 2242; x_wconf 90' lang='lat' dir='ltr'><strong>quae</strong></span> <span class='ocrx_word' id='word_1_166' title='bbox 503 2161 582 2219; x_wconf 87' lang='lat' dir='ltr'><strong>sunt</strong></span> <span class='ocrx_word' id='word_1_167' title='bbox 596 2161 711 2235; x_wconf 86' lang='lat' dir='ltr'><strong>contra</strong></span> <span class='ocrx_word' id='word_1_168' title='bbox 730 2154 890 2236; x_wconf 82' lang='lat' dir='ltr'><strong>Galliam,</strong></span> <span class='ocrx_word' id='word_1_169' title='bbox 912 2169 1025 2227; x_wconf 78' lang='lat' dir='ltr'><strong>rnatum</strong></span> <span class='ocrx_word' id='word_1_170' title='bbox 1040 2172 1110 2235; x_wconf 86' lang='lat' dir='ltr'><strong>ost.</strong></span> <span class='ocrx_word' id='word_1_171' title='bbox 1137 2237 1140 2241; x_wconf 50' lang='grc'>,</span> 
     </span>
     <span class='ocr_line' id='line_1_24' title="bbox 136 2239 1110 2337; baseline 0.008 -28"><span class='ocrx_word' id='word_1_172' title='bbox 136 2241 256 2330; x_wconf 86' lang='lat' dir='ltr'><strong>ltaque</strong></span> <span class='ocrx_word' id='word_1_173' title='bbox 277 2243 424 2306; x_wconf 88' lang='lat' dir='ltr'><strong>evocatis</strong></span> <span class='ocrx_word' id='word_1_174' title='bbox 447 2239 489 2306; x_wconf 87' lang='lat' dir='ltr'><strong>ad</strong></span> <span class='ocrx_word' id='word_1_175' title='bbox 515 2264 551 2306; x_wconf 90' lang='lat' dir='ltr'><strong>se</strong></span> <span class='ocrx_word' id='word_1_176' title='bbox 574 2240 721 2328; x_wconf 86' lang='lat' dir='ltr'><strong>undique</strong></span> <span class='ocrx_word' id='word_1_177' title='bbox 738 2246 978 2314; x_wconf 81' lang='lat' dir='ltr'><strong>mercatoribus</strong></span> <span class='ocrx_word' id='word_1_178' title='bbox 998 2273 1110 2337; x_wconf 85' lang='lat' dir='ltr'><strong>neque</strong></span> 
     </span>
     <span class='ocr_line' id='line_1_25' title="bbox 136 2328 1110 2423; baseline 0.01 -28"><span class='ocrx_word' id='word_1_179' title='bbox 136 2337 264 2418; x_wconf 85' lang='lat' dir='ltr'><strong>quanta</strong></span> <span class='ocrx_word' id='word_1_180' title='bbox 295 2335 387 2394; x_wconf 88' lang='lat' dir='ltr'><strong>osset</strong></span> <span class='ocrx_word' id='word_1_181' title='bbox 414 2329 545 2395; x_wconf 87' lang='lat' dir='ltr'><strong>insulae</strong></span> <span class='ocrx_word' id='word_1_182' title='bbox 572 2328 781 2421; x_wconf 87' lang='lat' dir='ltr'><strong>magnitudo,</strong></span> <span class='ocrx_word' id='word_1_183' title='bbox 813 2353 920 2420; x_wconf 86' lang='lat' dir='ltr'><strong>oeque</strong></span> <span class='ocrx_word' id='word_1_184' title='bbox 940 2358 1025 2423; x_wconf 86' lang='lat' dir='ltr'><strong>quac</strong></span> <span class='ocrx_word' id='word_1_185' title='bbox 1047 2350 1110 2405; x_wconf 74' lang='lat' dir='ltr'><strong>aaut</strong></span> 
     </span>
     <span class='ocr_line' id='line_1_26' title="bbox 93 2416 1107 2507; baseline 0.009 -24"><span class='ocrx_word' id='word_1_186' title='bbox 93 2452 96 2457; x_wconf 95' lang='lat'>·</span> <span class='ocrx_word' id='word_1_187' title='bbox 138 2426 284 2505; x_wconf 86' lang='lat' dir='ltr'><strong>quantae</strong></span> <span class='ocrx_word' id='word_1_188' title='bbox 319 2416 472 2499; x_wconf 86' lang='lat' dir='ltr'><strong>nationes</strong></span> <span class='ocrx_word' id='word_1_189' title='bbox 504 2416 704 2507; x_wconf 85' lang='lat' dir='ltr'><strong>incolerent,</strong></span> <span class='ocrx_word' id='word_1_190' title='bbox 748 2438 855 2505; x_wconf 87' lang='lat' dir='ltr'><strong>neque</strong></span> <span class='ocrx_word' id='word_1_191' title='bbox 884 2442 981 2506; x_wconf 89' lang='lat' dir='ltr'><strong>quem</strong></span> <span class='ocrx_word' id='word_1_192' title='bbox 1006 2447 1107 2492; x_wconf 89' lang='lat' dir='ltr'><strong>usum</strong></span> 
     </span>
     <span class='ocr_line' id='line_1_27' title="bbox 137 2503 1108 2595; baseline 0.007 -23"><span class='ocrx_word' id='word_1_193' title='bbox 137 2506 220 2573; x_wconf 90' lang='lat' dir='ltr'><strong>belli</strong></span> <span class='ocrx_word' id='word_1_194' title='bbox 239 2503 402 2572; x_wconf 87' lang='lat' dir='ltr'><strong>haberent</strong></span> <span class='ocrx_word' id='word_1_195' title='bbox 422 2511 482 2571; x_wconf 91' lang='lat' dir='ltr'><strong>aut</strong></span> <span class='ocrx_word' id='word_1_196' title='bbox 503 2505 625 2592; x_wconf 86' lang='lat' dir='ltr'><strong>quibus</strong></span> <span class='ocrx_word' id='word_1_197' title='bbox 645 2503 812 2572; x_wconf 86' lang='lat' dir='ltr'><strong>institutis</strong></span> <span class='ocrx_word' id='word_1_198' title='bbox 830 2514 1023 2595; x_wconf 88' lang='lat' dir='ltr'><strong>uterentur,</strong></span> <span class='ocrx_word' id='word_1_199' title='bbox 1050 2535 1108 2579; x_wconf 88' lang='lat' dir='ltr'><strong>ne-</strong></span> 
     </span>
    </p>
   </div>
   <div class='ocr_carea' id='block_1_5' title="bbox 143 2679 346 2694">
    <p class='ocr_par' dir='ltr' id='par_1_5' title="bbox 143 2679 346 2694">
     <span class='ocr_line' id='line_1_28' title="bbox 143 2679 346 2694; baseline 0 0"><span class='ocrx_word' id='word_1_200' title='bbox 143 2679 346 2694; x_wconf 46' lang='lat' dir='ltr'><strong>m</strong></span> 
     </span>
    </p>
   </div>
   <div class='ocr_carea' id='block_1_6' title="bbox 94 2787 1149 3874">
    <p class='ocr_par' dir='ltr' id='par_1_6' title="bbox 171 2787 1113 2870">
     <span class='ocr_line' id='line_1_29' title="bbox 171 2787 1113 2870; baseline 0.013 -28"><span class='ocrx_word' id='word_1_201' title='bbox 171 2787 237 2862; x_wconf 82' lang='lat' dir='ltr'><strong>Cap.</strong></span> <span class='ocrx_word' id='word_1_202' title='bbox 257 2791 331 2843; x_wconf 87' lang='lat' dir='ltr'><strong>xlx.</strong></span> <span class='ocrx_word' id='word_1_203' title='bbox 372 2796 549 2865; x_wconf 75' lang='lat' dir='ltr'><strong>exspectare]</strong></span> <span class='ocrx_word' id='word_1_204' title='bbox 578 2794 619 2849; x_wconf 77' lang='lat' dir='ltr'><strong>die</strong></span> <span class='ocrx_word' id='word_1_205' title='bbox 639 2795 802 2870; x_wconf 69' lang='lat' dir='ltr'><strong>Auslassung</strong></span> <span class='ocrx_word' id='word_1_206' title='bbox 825 2797 870 2851; x_wconf 80' lang='lat' dir='ltr'><strong>des</strong></span> <span class='ocrx_word' id='word_1_207' title='bbox 890 2799 1010 2852; x_wconf 83' lang='lat' dir='ltr'><strong>Subiecls</strong></span> <span class='ocrx_word' id='word_1_208' title='bbox 1036 2792 1113 2854; x_wconf 67' lang='lat' dir='ltr'><strong>wirot</strong></span> 
     </span>
    </p>

    <p class='ocr_par' dir='ltr' id='par_1_7' title="bbox 149 2857 1129 3274">
     <span class='ocr_line' id='line_1_30' title="bbox 149 2857 1107 2938; baseline 0.013 -29"><span class='ocrx_word' id='word_1_209' title='bbox 149 2884 152 2889; x_wconf 41' lang='lat' dir='ltr'><strong>r</strong></span> <span class='ocrx_word' id='word_1_210' title='bbox 205 2858 280 2911; x_wconf 82' lang='lat' dir='ltr'><strong>nieht</strong></span> <span class='ocrx_word' id='word_1_211' title='bbox 299 2857 375 2911; x_wconf 85' lang='lat' dir='ltr'><strong>mehr</strong></span> <span class='ocrx_word' id='word_1_212' title='bbox 396 2861 556 2916; x_wconf 64' lang='lat' dir='ltr'><strong>bdremden.</strong></span> <span class='ocrx_word' id='word_1_213' title='bbox 579 2895 610 2907; x_wconf 95' lang='lat'><em>-</em></span> <span class='ocrx_word' id='word_1_214' title='bbox 652 2873 850 2930; x_wconf 80' lang='lat' dir='ltr'><strong>ut—ut-nt]</strong></span> <span class='ocrx_word' id='word_1_215' title='bbox 884 2868 983 2920; x_wconf 84' lang='lat' dir='ltr'><strong>welche</strong></span> <span class='ocrx_word' id='word_1_216' title='bbox 1001 2867 1107 2938; x_wconf 79' lang='lat' dir='ltr'><strong>Figur?</strong></span> 
     </span>
     <span class='ocr_line' id='line_1_31' title="bbox 204 2925 1107 3001; baseline 0.01 -20"><span class='ocrx_word' id='word_1_217' title='bbox 204 2925 233 2981; x_wconf 85' lang='lat' dir='ltr'><strong>S·</strong></span> <span class='ocrx_word' id='word_1_218' title='bbox 253 2926 312 2979; x_wconf 88' lang='lat' dir='ltr'><strong>Lib.</strong></span> <span class='ocrx_word' id='word_1_219' title='bbox 335 2929 357 2979; x_wconf 90' lang='lat' dir='ltr'><strong>l.</strong></span> <span class='ocrx_word' id='word_1_220' title='bbox 374 2927 441 2999; x_wconf 84' lang='lat' dir='ltr'><strong>Cap.</strong></span> <span class='ocrx_word' id='word_1_221' title='bbox 456 2929 529 3001; x_wconf 70' lang='lat' dir='ltr'>XIX.</span> <span class='ocrx_word' id='word_1_222' title='bbox 546 2932 626 2984; x_wconf 75' lang='lat' dir='ltr'><strong>anm.</strong></span> <span class='ocrx_word' id='word_1_223' title='bbox 642 2936 667 2985; x_wconf 91' lang='lat'><strong>1.</strong></span> <span class='ocrx_word' id='word_1_224' title='bbox 688 2960 723 2973; x_wconf 91' lang='lat'><strong>··-</strong></span> <span class='ocrx_word' id='word_1_225' title='bbox 763 2938 802 2985; x_wconf 84' lang='lat' dir='ltr'><strong>ad</strong></span> <span class='ocrx_word' id='word_1_226' title='bbox 820 2938 946 2998; x_wconf 72' lang='lat' dir='ltr'><strong>triadem]</strong></span> <span class='ocrx_word' id='word_1_227' title='bbox 978 2936 1044 2988; x_wconf 87' lang='lat' dir='ltr'><strong>iiber</strong></span> <span class='ocrx_word' id='word_1_228' title='bbox 1061 2936 1107 2990; x_wconf 84' lang='lat' dir='ltr'><strong>die</strong></span> 
     </span>
     <span class='ocr_line' id='line_1_32' title="bbox 205 2993 1106 3072; baseline 0.013 -25"><span class='ocrx_word' id='word_1_229' title='bbox 205 2993 360 3066; x_wconf 78' lang='lat' dir='ltr'><strong>Bedeutuug</strong></span> <span class='ocrx_word' id='word_1_230' title='bbox 381 2996 427 3049; x_wconf 87' lang='lat' dir='ltr'><strong>der</strong></span> <span class='ocrx_word' id='word_1_231' title='bbox 446 2997 630 3068; x_wconf 81' lang='lat' dir='ltr'><strong>Praeposition</strong></span> <span class='ocrx_word' id='word_1_232' title='bbox 647 3019 670 3053; x_wconf 78' lang='lat' dir='ltr'><strong>s.</strong></span> <span class='ocrx_word' id='word_1_233' title='bbox 689 2999 747 3051; x_wconf 87' lang='lat' dir='ltr'><strong>Lib.</strong></span> <span class='ocrx_word' id='word_1_234' title='bbox 768 3001 801 3051; x_wconf 92' lang='lat' dir='ltr'><strong>ll.</strong></span> <span class='ocrx_word' id='word_1_235' title='bbox 825 3001 890 3072; x_wconf 87' lang='lat' dir='ltr'><strong>Cap.</strong></span> <span class='ocrx_word' id='word_1_236' title='bbox 905 3000 1003 3056; x_wconf 79' lang='lat' dir='ltr'><strong>xxvi.</strong></span> <span class='ocrx_word' id='word_1_237' title='bbox 1028 3003 1106 3059; x_wconf 81' lang='lat' dir='ltr'><strong>lelzte</strong></span> 
     </span>
     <span class='ocr_line' id='line_1_33' title="bbox 203 3065 1106 3138; baseline 0.011 -23"><span class='ocrx_word' id='word_1_238' title='bbox 203 3065 286 3117; x_wconf 82' lang='lat' dir='ltr'><strong>Anni.</strong></span> <span class='ocrx_word' id='word_1_239' title='bbox 308 3095 344 3105; x_wconf 90' lang='lat'>-</span> <span class='ocrx_word' id='word_1_240' title='bbox 383 3069 423 3116; x_wconf 82' lang='lat' dir='ltr'><strong>ad</strong></span> <span class='ocrx_word' id='word_1_241' title='bbox 437 3069 533 3136; x_wconf 71' lang='lat' dir='ltr'><strong>utilia]</strong></span> <span class='ocrx_word' id='word_1_242' title='bbox 558 3086 660 3119; x_wconf 76' lang='lat' dir='ltr'><strong>uvarum</strong></span> <span class='ocrx_word' id='word_1_243' title='bbox 679 3067 713 3119; x_wconf 82' lang='lat' dir='ltr'><strong>ist</strong></span> <span class='ocrx_word' id='word_1_244' title='bbox 732 3065 773 3119; x_wconf 76' lang='lat' dir='ltr'><strong>ilie</strong></span> <span class='ocrx_word' id='word_1_245' title='bbox 794 3067 975 3138; x_wconf 83' lang='lat' dir='ltr'><strong>Praeposition</strong></span> <span class='ocrx_word' id='word_1_246' title='bbox 995 3073 1106 3129; x_wconf 71' lang='lat' dir='ltr'><strong>ariades·-</strong></span> 
     </span>
     <span class='ocr_line' id='line_1_34' title="bbox 203 3130 1103 3210; baseline 0.012 -28"><span class='ocrx_word' id='word_1_247' title='bbox 203 3130 280 3185; x_wconf 82' lang='lat' dir='ltr'><strong>holt?</strong></span> <span class='ocrx_word' id='word_1_248' title='bbox 311 3132 341 3186; x_wconf 85' lang='lat' dir='ltr'><strong>S.</strong></span> <span class='ocrx_word' id='word_1_249' title='bbox 360 3131 417 3184; x_wconf 83' lang='lat' dir='ltr'><strong>Lib.</strong></span> <span class='ocrx_word' id='word_1_250' title='bbox 441 3137 462 3184; x_wconf 95' lang='lat' dir='ltr'><strong>l.</strong></span> <span class='ocrx_word' id='word_1_251' title='bbox 481 3136 546 3206; x_wconf 84' lang='lat' dir='ltr'><strong>Cap.</strong></span> <span class='ocrx_word' id='word_1_252' title='bbox 560 3130 667 3187; x_wconf 85' lang='lat' dir='ltr'>XLVII.</span> <span class='ocrx_word' id='word_1_253' title='bbox 687 3154 714 3204; x_wconf 86' lang='lat' dir='ltr'><strong>p.</strong></span> <span class='ocrx_word' id='word_1_254' title='bbox 729 3135 771 3188; x_wconf 86' lang='lat'><strong>50.</strong></span> <span class='ocrx_word' id='word_1_255' title='bbox 789 3153 823 3187; x_wconf 87' lang='lat' dir='ltr'><strong>zu</strong></span> <span class='ocrx_word' id='word_1_256' title='bbox 834 3150 957 3210; x_wconf 73' lang='lat' dir='ltr'><strong>propter.</strong></span> <span class='ocrx_word' id='word_1_257' title='bbox 988 3139 1046 3197; x_wconf 89' lang='lat' dir='ltr'><strong>Lib.</strong></span> <span class='ocrx_word' id='word_1_258' title='bbox 1067 3143 1103 3195; x_wconf 89' lang='lat' dir='ltr'><strong>ll.</strong></span> 
     </span>
     <span class='ocr_line' id='line_1_35' title="bbox 204 3200 1129 3274; baseline -0.002 -21"><span class='ocrx_word' id='word_1_259' title='bbox 204 3200 472 3274; x_wconf 75' lang='lat' dir='ltr'><strong>cap.x.p.66.zu</strong></span> <span class='ocrx_word' id='word_1_260' title='bbox 510 3201 736 3257; x_wconf 85' lang='lat' dir='ltr'><strong>uaminalienis.</strong></span> <span class='ocrx_word' id='word_1_261' title='bbox 1126 3250 1129 3259; x_wconf 91' lang='grc'><em>,</em></span> 
     </span>
    </p>

    <p class='ocr_par' dir='ltr' id='par_1_8' title="bbox 94 3223 1103 3407">
     <span class='ocr_line' id='line_1_36' title="bbox 94 3223 1103 3339; baseline 0.01 -20"><span class='ocrx_word' id='word_1_262' title='bbox 94 3298 98 3305; x_wconf 46' lang='lat'><strong>⁴</strong></span> <span class='ocrx_word' id='word_1_263' title='bbox 158 3270 208 3320; x_wconf 53' lang='lat' dir='ltr'><strong>‘Ca</strong></span> <span class='ocrx_word' id='word_1_264' title='bbox 230 3271 309 3325; x_wconf 91' lang='grc' dir='ltr'>..ΧΧ</span> <span class='ocrx_word' id='word_1_265' title='bbox 344 3274 465 3338; x_wconf 76' lang='lat' dir='ltr'><strong>reliqua]</strong></span> <span class='ocrx_word' id='word_1_266' title='bbox 491 3223 592 3338; x_wconf 61' lang='lat' dir='ltr'><strong>Xunrpt</strong></span> <span class='ocrx_word' id='word_1_267' title='bbox 608 3268 707 3336; x_wconf 76' lang='lat'>§.645-</span> <span class='ocrx_word' id='word_1_268' title='bbox 732 3269 831 3322; x_wconf 80' lang='lat' dir='ltr'><strong>schulz</strong></span> <span class='ocrx_word' id='word_1_269' title='bbox 848 3275 872 3335; x_wconf 85' lang='lat'><strong>§.</strong></span> <span class='ocrx_word' id='word_1_270' title='bbox 888 3275 931 3327; x_wconf 89' lang='lat'><strong>80.</strong></span> <span class='ocrx_word' id='word_1_271' title='bbox 949 3272 997 3328; x_wconf 85' lang='lat' dir='ltr'><strong>Nr.</strong></span> <span class='ocrx_word' id='word_1_272' title='bbox 1011 3279 1057 3339; x_wconf 77' lang='lat'><strong>13,</strong></span> <span class='ocrx_word' id='word_1_273' title='bbox 1075 3275 1103 3333; x_wconf 76' lang='grc'><strong>4.</strong></span> 
     </span>
     <span class='ocr_line' id='line_1_37' title="bbox 205 3287 1102 3407; baseline 0.016 -20"><span class='ocrx_word' id='word_1_274' title='bbox 205 3287 294 3407; x_wconf 61' lang='lat' dir='ltr'><strong>Xergl.</strong></span> <span class='ocrx_word' id='word_1_275' title='bbox 314 3339 372 3392; x_wconf 92' lang='lat' dir='ltr'><strong>Lib.</strong></span> <span class='ocrx_word' id='word_1_276' title='bbox 394 3340 429 3392; x_wconf 90' lang='lat' dir='ltr'><strong>ll.</strong></span> <span class='ocrx_word' id='word_1_277' title='bbox 454 3338 521 3407; x_wconf 83' lang='lat' dir='ltr'><strong>Cap.</strong></span> <span class='ocrx_word' id='word_1_278' title='bbox 542 3337 708 3406; x_wconf 73' lang='lat' dir='ltr'><strong>x[1.p.68.</strong></span> <span class='ocrx_word' id='word_1_279' title='bbox 728 3356 762 3390; x_wconf 88' lang='lat' dir='ltr'><strong>zu</strong></span> <span class='ocrx_word' id='word_1_280' title='bbox 783 3340 875 3406; x_wconf 82' lang='lat' dir='ltr'><strong>paucis</strong></span> <span class='ocrx_word' id='word_1_281' title='bbox 887 3341 1102 3401; x_wconf 64' lang='lat' dir='ltr'><strong>defendentibus.</strong></span> 
     </span>
    </p>

    <p class='ocr_par' dir='ltr' id='par_1_9' title="bbox 138 3405 1149 3697">
     <span class='ocr_line' id='line_1_38' title="bbox 138 3405 1149 3480; baseline 0.011 -24"><span class='ocrx_word' id='word_1_282' title='bbox 138 3422 143 3433; x_wconf 93' lang='grc'><strong><em>·</em></strong></span> <span class='ocrx_word' id='word_1_283' title='bbox 203 3427 238 3441; x_wconf 89' lang='grc'><strong>-</strong></span> <span class='ocrx_word' id='word_1_284' title='bbox 272 3407 494 3470; x_wconf 68' lang='grc' dir='ltr'><strong>(ιἀἱὶίοιζςύοἱίἰε]</strong></span> <span class='ocrx_word' id='word_1_285' title='bbox 548 3405 850 3478; x_wconf 81' lang='lat' dir='ltr'><strong>Lib.lll.Cap.XVlll.</strong></span> <span class='ocrx_word' id='word_1_286' title='bbox 868 3413 1103 3480; x_wconf 80' lang='lat' dir='ltr'><strong>p.104.zuvene-</strong></span> <span class='ocrx_word' id='word_1_287' title='bbox 1147 3470 1149 3474; x_wconf 68' lang='grc'>,</span> 
     </span>
     <span class='ocr_line' id='line_1_39' title="bbox 203 3425 1146 3551; baseline 0.017 -29"><span class='ocrx_word' id='word_1_288' title='bbox 203 3471 286 3550; x_wconf 70' lang='lat' dir='ltr'><strong>ticum</strong></span> <span class='ocrx_word' id='word_1_289' title='bbox 306 3476 416 3529; x_wconf 88' lang='lat' dir='ltr'><strong>bellum.</strong></span> <span class='ocrx_word' id='word_1_290' title='bbox 453 3425 543 3528; x_wconf 60' lang='lat' dir='ltr'><strong>Uebbr</strong></span> <span class='ocrx_word' id='word_1_291' title='bbox 563 3472 606 3528; x_wconf 83' lang='lat' dir='ltr'><strong>hic</strong></span> <span class='ocrx_word' id='word_1_292' title='bbox 624 3474 790 3546; x_wconf 76' lang='lat' dir='ltr'><strong>Auslassung</strong></span> <span class='ocrx_word' id='word_1_293' title='bbox 808 3475 854 3536; x_wconf 80' lang='lat' dir='ltr'><strong>der</strong></span> <span class='ocrx_word' id='word_1_294' title='bbox 876 3479 1059 3551; x_wconf 79' lang='lat' dir='ltr'><strong>Praeposition</strong></span> <span class='ocrx_word' id='word_1_295' title='bbox 1078 3504 1103 3540; x_wconf 86' lang='lat' dir='ltr'><strong>s.</strong></span> <span class='ocrx_word' id='word_1_296' title='bbox 1143 3533 1146 3538; x_wconf 83' lang='lat'><em>.</em></span> 
     </span>
     <span class='ocr_line' id='line_1_40' title="bbox 202 3537 1100 3615; baseline 0.018 -27"><span class='ocrx_word' id='word_1_297' title='bbox 202 3537 297 3594; x_wconf 80' lang='lat' dir='ltr'><strong>Lib.l.</strong></span> <span class='ocrx_word' id='word_1_298' title='bbox 315 3543 470 3615; x_wconf 79' lang='lat' dir='ltr'><strong>Cap.x111.</strong></span> <span class='ocrx_word' id='word_1_299' title='bbox 489 3546 574 3613; x_wconf 85' lang='lat' dir='ltr'>p.11.</span> <span class='ocrx_word' id='word_1_300' title='bbox 593 3562 628 3595; x_wconf 85' lang='lat' dir='ltr'><strong>zu</strong></span> <span class='ocrx_word' id='word_1_301' title='bbox 640 3544 916 3604; x_wconf 30' lang='lat' dir='ltr'><strong>uelocissimo-1</strong></span> <span class='ocrx_word' id='word_1_302' title='bbox 947 3560 1042 3602; x_wconf 81' lang='lat' dir='ltr'><strong>tamon</strong></span> <span class='ocrx_word' id='word_1_303' title='bbox 1077 3572 1100 3604; x_wconf 84' lang='lat' dir='ltr'><strong>s.</strong></span> 
     </span>
     <span class='ocr_line' id='line_1_41' title="bbox 200 3555 1102 3697; baseline 0.019 -41"><span class='ocrx_word' id='word_1_304' title='bbox 200 3605 260 3659; x_wconf 89' lang='lat' dir='ltr'><strong>Lib.</strong></span> <span class='ocrx_word' id='word_1_305' title='bbox 274 3608 295 3659; x_wconf 93' lang='lat' dir='ltr'><strong>l.</strong></span> <span class='ocrx_word' id='word_1_306' title='bbox 313 3610 378 3697; x_wconf 69' lang='lat'>0³1²·</span> <span class='ocrx_word' id='word_1_307' title='bbox 393 3613 505 3667; x_wconf 84' lang='lat' dir='ltr'>XXXII.</span> <span class='ocrx_word' id='word_1_308' title='bbox 523 3611 600 3666; x_wconf 80' lang='lat' dir='ltr'><strong>lelzte</strong></span> <span class='ocrx_word' id='word_1_309' title='bbox 613 3613 695 3664; x_wconf 82' lang='lat' dir='ltr'><strong>Anni.</strong></span> <span class='ocrx_word' id='word_1_310' title='bbox 712 3641 746 3655; x_wconf 91' lang='lat'><strong>·-</strong></span> <span class='ocrx_word' id='word_1_311' title='bbox 779 3615 878 3683; x_wconf 82' lang='lat' dir='ltr'><strong>Neque</strong></span> <span class='ocrx_word' id='word_1_312' title='bbox 894 3619 980 3681; x_wconf 70' lang='lat' dir='ltr'><strong>carior]</strong></span> <span class='ocrx_word' id='word_1_313' title='bbox 1002 3637 1023 3669; x_wconf 82' lang='lat' dir='ltr'><strong>s·</strong></span> <span class='ocrx_word' id='word_1_314' title='bbox 1039 3555 1102 3674; x_wconf 72' lang='lat' dir='ltr'><strong>Lib.</strong></span> 
     </span>
    </p>

    <p class='ocr_par' dir='ltr' id='par_1_10' title="bbox 133 3672 1101 3754">
     <span class='ocr_line' id='line_1_42' title="bbox 133 3672 1101 3754; baseline 0.02 -33"><span class='ocrx_word' id='word_1_315' title='bbox 133 3716 136 3721; x_wconf 94' lang='grc'><em>,</em></span> <span class='ocrx_word' id='word_1_316' title='bbox 200 3672 237 3725; x_wconf 90' lang='lat' dir='ltr'><strong>ll.</strong></span> <span class='ocrx_word' id='word_1_317' title='bbox 258 3677 322 3746; x_wconf 75' lang='lat' dir='ltr'><strong>Gap.</strong></span> <span class='ocrx_word' id='word_1_318' title='bbox 337 3680 423 3737; x_wconf 75' lang='lat' dir='ltr'>XVII.</span> <span class='ocrx_word' id='word_1_319' title='bbox 442 3702 469 3753; x_wconf 88' lang='lat' dir='ltr'><strong>p.</strong></span> <span class='ocrx_word' id='word_1_320' title='bbox 483 3683 527 3736; x_wconf 71' lang='grc'><strong>72.</strong></span> <span class='ocrx_word' id='word_1_321' title='bbox 554 3711 588 3723; x_wconf 93' lang='lat'>-</span> <span class='ocrx_word' id='word_1_322' title='bbox 628 3688 743 3746; x_wconf 75' lang='lat' dir='ltr'><strong>tenuere]</strong></span> <span class='ocrx_word' id='word_1_323' title='bbox 768 3683 835 3735; x_wconf 80' lang='lat' dir='ltr'><strong>iiber</strong></span> <span class='ocrx_word' id='word_1_324' title='bbox 854 3684 1101 3754; x_wconf 79' lang='lat' dir='ltr'><strong>dielledentungs.</strong></span> 
     </span>
    </p>

    <p class='ocr_par' dir='ltr' id='par_1_11' title="bbox 125 3741 1100 3874">
     <span class='ocr_line' id='line_1_43' title="bbox 125 3741 1100 3825; baseline 0.019 -36"><span class='ocrx_word' id='word_1_325' title='bbox 125 3792 128 3797; x_wconf 56' lang='grc'>,</span> <span class='ocrx_word' id='word_1_326' title='bbox 195 3741 290 3802; x_wconf 43' lang='lat' dir='ltr'><strong>llio).</strong></span> <span class='ocrx_word' id='word_1_327' title='bbox 310 3746 446 3821; x_wconf 66' lang='lat' dir='ltr'><strong>Copsxlb·</strong></span> <span class='ocrx_word' id='word_1_328' title='bbox 466 3752 551 3823; x_wconf 62' lang='lat' dir='ltr'><strong>osso.</strong></span> <span class='ocrx_word' id='word_1_329' title='bbox 569 3762 603 3805; x_wconf 86' lang='lat' dir='ltr'><strong>zu</strong></span> <span class='ocrx_word' id='word_1_330' title='bbox 616 3759 670 3825; x_wconf 83' lang='lat' dir='ltr'><strong>lam</strong></span> <span class='ocrx_word' id='word_1_331' title='bbox 684 3760 790 3806; x_wconf 78' lang='lat' dir='ltr'><strong>tenrere.</strong></span> <span class='ocrx_word' id='word_1_332' title='bbox 808 3782 840 3794; x_wconf 94' lang='lat'><em>-</em></span> <span class='ocrx_word' id='word_1_333' title='bbox 876 3757 926 3807; x_wconf 78' lang='lat' dir='ltr'><strong>illo</strong></span> <span class='ocrx_word' id='word_1_334' title='bbox 939 3756 1013 3819; x_wconf 74' lang='lat' dir='ltr'><strong>adit]</strong></span> <span class='ocrx_word' id='word_1_335' title='bbox 1033 3764 1100 3808; x_wconf 77' lang='lat' dir='ltr'><strong>setar</strong></span> 
     </span>
     <span class='ocr_line' id='line_1_44' title="bbox 185 3812 789 3874; baseline 0.018 -15"><span class='ocrx_word' id='word_1_336' title='bbox 185 3812 287 3868; x_wconf 69' lang='lat' dir='ltr'><strong>welche</strong></span> <span class='ocrx_word' id='word_1_337' title='bbox 302 3817 572 3874; x_wconf 79' lang='lat' dir='ltr'><strong>Constructionvon</strong></span> <span class='ocrx_word' id='word_1_338' title='bbox 586 3819 660 3874; x_wconf 83' lang='lat' dir='ltr'><strong>adire</strong></span> <span class='ocrx_word' id='word_1_339' title='bbox 674 3821 789 3874; x_wconf 60' lang='lat' dir='ltr'><strong>coraus?</strong></span> 
     </span>
    </p>
   </div>
   <div class='ocr_carea' id='block_1_7' title="bbox 0 0 1163 4148">
    <p class='ocr_par' dir='ltr' id='par_1_12' title="bbox 0 0 1163 4148">
     <span class='ocr_line' id='line_1_45' title="bbox 0 0 1163 4148; baseline 0 0"><span class='ocrx_word' id='word_1_340' title='bbox 0 0 1163 4148; x_wconf 95' lang='lat' dir='ltr'><strong> </strong></span> 
     </span>
    </p>
   </div>
  </div>
 </body>
</html>
