2310 4154
142 142 208 213 roc
286 142 414 255 ‚3os
444 121 911 237 normannico

229 315 311 384 XX.
355 317 480 386 Eodem
504 318 575 385 fere
596 326 744 409 tempore
762 317 804 391 P.
820 319 968 402 Crassus
982 342 1056 387 cum
1071 302 1118 390 iu¹
1145 348 1147 355 ⁴

141 403 363 492 Aquitaniam
379 409 603 495 pervenisset,
625 431 710 495 quae
722 431 814 497 pars,
836 405 968 475 ut‘ante
982 409 1119 476 dictum

141 503 212 572 cst,
234 501 270 559 st
283 496 454 580 regionum
469 495 649 564 latitudine
662 504 696 563 et
714 496 928 562 multitudine
940 498 1109 563 bominum

19 590 21 599 '
140 601 180 653 er
195 581 408 670 tertiaparto
424 582 556 649 Galliae
571 591 625 649 est
640 583 864 664 aestimande,
886 607 961 651 cum
983 587 1113 650 intelli«

140 676 234 751 geret
255 669 384 737 inillis
406 670 491 736 locis
510 672 577 736 sibi
590 671 714 738 bellum
730 671 929 757 gerendum,
951 672 1011 738 ubi
1025 694 1112 760 pau-

139 755 190 819 cis
210 763 286 821 ante
310 758 404 823 annis
420 757 461 826 L.
471 757 628 825 Valerius
642 757 846 829 Praeconins
861 761 993 845 legatus
1015 781 1112 826 exer-

34 858 38 871 ’
65 846 68 852 ’
138 842 209 917 citu
225 844 323 930 pulso
335 845 533 912 interfectus
548 853 654 926 esset,
675 855 776 934 atque
791 845 878 912 unde
893 848 935 916 L.
949 847 1111 934 Manilius

137 927 328 998 Proconsul
354 931 602 1020 impedimentis
625 936 760 1001 amissis
782 935 1008 1023 profugisset,
1042 956 1109 1000 non

138 1017 338 1085 mediocrem
357 1022 425 1086 sibi
436 1019 643 1106 diligentiam
658 1021 876 1088 adhibendam
885 1021 1111 1106 intelligebat.

137 1103 263 1192 ltaque
275 1128 312 1173 re
326 1107 545 1173 frumentaria
558 1109 711 1197 provisa,
732 1110 867 1189 auriliis
889 1109 1110 1196 equitatuque

137 1201 349 1279 comparato,
377 1196 493 1259 multis
517 1204 694 1284 praetcrea
713 1196 795 1262 viris
807 1196 951 1277 fortibus
967 1195 1110 1276 Tolosa,
1132 1208 1140 1223 “

137 1277 329 1348 Carcasone
350 1289 386 1347 st
404 1279 584 1364 Narbone,
606 1306 691 1370 quae
708 1290 788 1349 sunt
804 1285 957 1350 civitates
974 1282 1111 1349 Galliae

33 1380 37 1391 ·
136 1362 352 1450 Provinciae,
386 1368 559 1436 finitumae
586 1372 638 1436 his
663 1369 875 1455 regionibns,
909 1370 1107 1436 nominatim

135 1459 284 1527 evocatis
313 1456 349 1522 in
379 1456 558 1524 Sotiatium
586 1459 669 1524 fines
697 1460 879 1524 exercitum
907 1455 1109 1526 introduxit.

136 1538 244 1613 Cuius
256 1542 404 1611 'adventu
419 1547 550 1631 cognito
560 1545 709 1613 Sotiates
725 1544 1110 1632 magniscopiiscoactis

135 1631 371 1722 equitatuque,
411 1656 477 1719 quo
506 1637 687 1720 plurimum
716 1635 888 1712 valebant,
924 1634 960 1698 in
984 1632 1109 1697 itinere

102 1720 119 1733 ”
135 1740 254 1802 agmen
279 1729 431 1785 nostrum
461 1716 572 1784 adorti
594 1723 739 1806 primum
764 1725 921 1806 equestre
940 1719 1108 1816 proelium

132 1805 389 1886 commiserunt,
425 1803 544 1871 deinde
564 1806 716 1891 equitatu
738 1827 801 1871 suo
820 1805 919 1893 pulso
938 1814 1041 1894 alque
1056 1807 1110 1872 in·

132 1892 355 1979 mouentibus
379 1893 507 1958 nostris
528 1892 641 1958 subito
664 1891 839 1981 pedestres
856 1893 993 1981 copias,
1020 1915 1108 1980 quas

134 1976 171 2045 in
190 1981 340 2047 convalle
366 1979 401 2045 in
423 1978 558 2048 insidiis
578 1982 840 2062 collocaverant,
875 1979 1109 2064 ostenderunt.

133 2064 184 2135 Hi
198 2075 334 2134 nostros
351 2066 512 2133 disiectos
527 2066 639 2133 adorti
651 2069 816 2156 proelium
832 2075 1087 2136 renovaverunt.

140 2187 144 2201 ·
215 2154 317 2222 XXI.
332 2184 335 2189 ·
350 2151 540 2239 Pugnatum
554 2163 608 2221 est
621 2155 680 2225 diu
695 2163 795 2242 atque
811 2157 944 2236 acriter,
959 2177 1033 2221 cum
1043 2153 1106 2222 So-
1146 2233 1149 2237 ⁴

134 2240 237 2313 dates
257 2242 491 2331 superioribus
510 2243 663 2309 victoriis
682 2243 763 2309 freti
781 2243 815 2308 in
836 2266 898 2309 sua
914 2243 1039 2309 virtute
1053 2250 1108 2330 to-

132 2329 205 2395 tius
223 2329 433 2417 Aquitaniae
454 2331 597 2397 salutem
616 2330 761 2420 positam
784 2337 959 2419 putarent,
994 2329 1106 2394 nostri

111 2476 116 2489 χ
133 2423 247 2491 eutem
263 2415 348 2504 quid
364 2418 439 2484 sine
454 2419 655 2507 imperatore
669 2425 705 2484 et
716 2419 788 2485 sine
803 2417 945 2506 reliquis
964 2416 1106 2502 legioni-

132 2503 198 2577 bus
214 2506 462 2574 adolescentulo
476 2506 561 2573 duce
574 2507 706 2573 efficere
719 2513 868 2595 possent,
887 2505 1035 2594 perspici
1047 2525 1106 2569 cu-

134 2604 269 2682 perant3
298 2603 409 2662 tamen
427 2595 570 2663 coniecti
584 2595 778 2662 vulneribus
793 2595 907 2660 hostes
922 2601 1018 2678 terga
1030 2594 1105 2659 v'er-

140 2720 344 2744 -h————-

140 2840 144 2849 .
169 2793 234 2864 βαρ.
246 2788 310 2846 XX.
343 2796 737 2860 latitudine-multitudiue]
763 2813 818 2847 was
838 2792 884 2845 fiir
905 2789 1045 2845 Ablati're?
1070 2818 1104 2830 —-

203 2879 242 2919 ex
255 2859 339 2915 tertia
349 2865 446 2932 parte]
471 2862 567 2916 taxiren
587 2865 729 2918 nacbdem
742 2863 838 2916 dritten
852 2860 958 2918 Thalle,
976 2859 1026 2925 den
1040 2878 1104 2912 man

201 2929 390 2984 sis,Msasslab
403 2934 497 3013 aulegt.
528 2932 634 2987 ‘Damus
649 2929 816 3003 ergiebt'sieh
831 2948 882 2980 coa
896 2927 976 2980 scibat
989 2927 1026 2977 als
1043 2946 1105 2980 con-

202 3016 328 3069 sequens:
346 3019 399 3071 pro
414 3011 488 3052 tertre
501 3006 576 3072 parte
585 3013 662 3055 -est
673 2997 840 3057 aestimanda.
858 3027 894 3053 ‚-
927 3012 991 3046 curn
1004 2995 1105 3048 circelli-

50 3070 53 3076 ’
138 3116 142 3122 ,
202 3074 289 3134 μοι]
314 3087 395 3120 neces
414 3068 493 3121 Glied
512 3068 755 3123 desVordersatces
769 3064 836 3119 necin
849 3082 913 3118 cum
931 3063 1103 3134 pervenisset.

202 3138 214 3190 Ι
244 3156 258 3189 r
272 3136 330 3190 Fall
343 3138 377 3190 ist
388 3135 450 3190 dem
463 3137 537 3190 nicht
550 3128 709 3196 obstulisti,
726 3153 769 3188 wo
782 3130 848 3184 zwei
860 3128 976 3185 Ablativi
989 3131 1105 3184 absoluti

35 3222 38 3229 ·
109 3237 116 3251 2-
201 3205 250 3260 sui
263 3205 501 3277 einander-salpen,
516 3205 569 3260 wie
581 3225 604 3260 z.
616 3206 648 3259 B.
662 3205 721 3258 Lib,
735 3202 770 3256 Π.
787 3203 853 3282 Cap.
861 3199 971 3252 XXXV.
991 3201 1070 3254 Anm.
1080 3205 1104 3254 1.

138 3318 143 3328 .
202 3305 239 3337 -·‚
262 3294 329 3329 uon
339 3279 518 3339 mediocrem]
538 3273 638 3327 welche
650 3273 752 3344 figur?
767 3271 795 3324 S.
804 3270 893 3324 Inbl.
904 3269 971 3339 Cep.
980 3269 1104 3323 xxxix.

160 3366 161 3371 ¹
200 3364 231 3414 p·
247 3347 290 3403 38.
309 3358 344 3398 sit
355 3364 412 3399 non
423 3341 598 3397 mediocriter.
616 3375 651 3385 -
682 3344 860 3408 consparsio]
875 3358 979 3392 warum
993 3337 1104 3394 derSin-¹

203 3406 300 3481 sciar?
324 3414 353 3472 S.
366 3413 460 3469 Lib-d·
478 3412 545 3483 0³1¹·
558 3411 657 3464 XXVI·
675 3429 702 3491 Ρ·
716 3412 759 3465 24⁸
778 3428 812 3462 zu
823 3417 977 3529 apppcvelslt
988 3435 1058 3527 dir-m
1073 3408 1104 3528 {a

852 3545 889 3599 Ca
912 3544 954 3600 .1.
974 3542 1128 3616 patin

883 3566 929 3667 cdl.
947 3632 976 3684 p·
991 3614 1034 3667 30.
1050 3609 1106 3664 tto·

202 3483 303 3534 itinere
323 3502 425 3552 agmen
443 3486 585 3547 nostrum]
615 3499 635 3533 s.
655 3479 713 3532 sab.
734 3478 756 3530 l.
769 3477 811 3531 'Ga
835 3516 841 3528 .

203 3578 238 3590 ·-
271 3553 441 3606 inconsulte
460 3553 491 3604 itt
512 3551 634 3616 insutis]
659 3548 710 3602 wie
725 3547 783 3599 Lib.
798 3497 833 3602 ld.

205 3620 327 3672 citeriore
340 3622 429 3675 Gallia
443 3621 471 3675 in
483 3618 613 3672 bibernis.
634 3619 692 3673 lib.
709 3616 731 3670 Ι.
749 3614 880 3689 ΟΔΡέΧΧ

203 3706 274 3742 mam
285 3687 319 3740 ud
333 3689 460 3743 Senatum
476 3688 583 3742 venisse.

171 3732 238 3840 Cap.
253 3758 325 3810 XXI.
359 3762 469 3830 tamen]
494 3757 576 3839 bildet
594 3756 646 3814 den
658 3756 804 3829 Gegeccetc
825 3771 859 3810 cc
873 3750 934 3807 dem
948 3741 1105 3802 cuvereicbt·

58 3891 62 3904 Ι
203 3828 292 3908 luben
304 3827 388 3887 otuu
402 3828 448 3887 dor
462 3828 583 3886 Sotiates·
634 3846 636 3851 ·
739 3899 745 3911 .

260 4082 270 4119 Ι
