2310 4154
36 142 48 167 s
121 53 124 58 ⁸
185 148 189 153 -
260 96 270 214 s
334 71 605 182 {ern-un
650 66 925 182 runca*
996 122 1065 193 am
1144 123 1148 126 ·

80 285 275 380 principum
297 271 480 368 consensu,
507 305 639 353 summa
657 283 769 374 plebis
792 282 1004 390 cupiditsto‚.
1021 293 1066 375 sl,

88 387 130 443 ut
141 375 341 453 dicebatur,
359 373 488 444 Caesar
503 395 577 440 cum
594 372 908 464 tribuslegionrbus
922 375 1065 462 veniret,

89 463 214 530 offerre
229 485 266 528 se
290 462 332 528 ad
354 459 596 542 dimicandum„
616 483 659 541 ne
675 460 852 528 miseriore
867 484 907 529 ao
919 461 1062 535 duriore

37 560 45 615 .'
88 560 207 639 postea
228 550 418 618 conditione
432 571 507 616 cum
522 554 596 614 toto
614 550 762 615 exercitu
777 547 951 617 decertare
964 575 1063 640 coge·
1126 568 1131 592 ¹

86 645 224 718 rentur,
256 640 287 704 si
311 637 455 704 maiores
486 636 600 722 copias
629 635 832 717 adduceret,
861 637 897 703 iu
922 659 962 706 eo
983 641 1061 710 loeo
1112 661 1120 669 ”

76 746 303 813 permanere,
331 747 429 813 quem
450 721 673 809 delegissent,
694 722 910 810 pabulatione
932 733 1058 811 autem,

84 833 172 899 quae
193 820 333 901 propter
350 812 430 879 anni
450 817 583 900 tempus
602 832 680 876 cum
693 812 812 898 exigua
826 819 898 877 tum
914 809 1058 883 disiecta
1126 878 1137 901 ,

41 911 43 914 ’
84 907 195 981 esset,
216 909 252 965 et
270 899 530 979 frumentatione
550 904 586 964 et
600 899 737 987 reliquo
751 905 938 967 commeatu
952 921 993 968 ex
1007 902 1060 971 in-

84 985 185 1053 sidiis
199 986 575 1072 probiberellonanos.
882 1064 884 1069 ‚
952 1014 956 1019 ¹

128 1140 131 1145 ,
171 1072 287 1178 Vlll„
298 1074 394 1161 Quae
409 1072 536 1142 Caesar
548 1071 796 1139 conscientibus
810 1072 966 1163 pluribus
981 1094 1057 1181 eum
1118 1124 1127 1135 ,

84 1168 1059 1338 infantilibusntssttdttssit‘tttttbt

82 1354 197 1399 rorum
212 1342 339 1400 remota
357 1356 431 1421 esse
446 1331 630 1412 iudicaret,
661 1336 816 1401 omnibus
832 1335 934 1402 rebus
948 1336 1058 1403 inser·
1076 1406 1078 1413 ,
1105 1344 1130 1401 f

83 1419 239 1499 siendum
253 1416 388 1501 statuit,
404 1441 471 1509 quo
488 1420 631 1485 celerius
645 1420 756 1486 bostis
772 1429 963 1512 contempta
978 1446 1058 1490 suo-

81 1506 159 1575 rum
182 1509 352 1595 paucitate
373 1506 526 1597 prodiret
546 1507 581 1571 in
600 1505 725 1573 aciem:
758 1508 943 1594 singularis
968 1511 1056 1577 enim

82 1594 221 1673 virtutis
243 1584 440 1673 veterrimas
461 1594 610 1680 legiones
632 1598 711 1676 unu,
733 1615 808 1663 vrrs.
833 1602 869 1661 et
886 1617 936 1665 rx.
954 1591 1057 1663 babe-

82 1683 158 1765 bat,
181 1705 330 1750 summae
347 1682 422 1772 spei
444 1680 660 1769 delectaeque
678 1681 864 1749 iuventutis
879 1705 947 1764 nn,
969 1674 1056 1771 quac
1081 1738 1085 1745 .

83 1777 201 1837 octavo
227 1772 291 1836 ianr
315 1768 483 1858 stipendio
506 1770 621 1835 funeta
642 1775 754 1837 tamen
776 1770 953 1837 collatione
973 1770 1057 1837 reli·
1077 1768 1091 1803 ·’

81 1879 224 1947 quarum
243 1856 389 1924 nondum
411 1855 550 1924 eandem
571 1858 751 1924 vetustatis
773 1879 812 1922 ao
835 1857 973 1925 virtutis
1000 1878 1066 1937 cea
1121 1857 1146 1929 ’.

75 1942 181 2050 'perat
206 1945 405 2033 opinionem.
456 1943 576 2032 ltaque
604 1946 745 2012 oonsilio
769 1942 929 2013 advocato
950 1943 1054 2014 rebus

81 2034 144 2112 ris,
167 2055 258 2119 ¹quae
281 2029 324 2099 ad
347 2048 385 2098 se
405 2030 690 2123 essentdelatae‚
712 2033 866 2099 omnibus
890 2024 1059 2121 expositis

63 2118 211 2189 'animos
240 2116 467 2191 multitudinis
500 2119 687 2195 confirmat.
749 2118 788 2187 si
818 2121 908 2186 forte
935 2120 1054 2187 ‘hostes

82 2207 185 2281 trium
205 2208 372 2294 legionum
397 2227 535 2274 numero
558 2213 674 2296 posset
692 2206 814 2273 elicere
832 2206 875 2272 ad
892 2206 1055 2275 dimicar-

82 2294 181 2378 dum,
206 2294 347 2381 agminis
369 2293 518 2361 ordinem
538 2295 588 2360 ita
605 2293 800 2375 constituit,
822 2292 862 2359 ut
875 2294 964 2382 legio
979 2314 1054 2376 vnn,

82 2403 176 2461 vura,
205 2404 255 2448 rx.
279 2390 361 2448 ante
388 2382 499 2447 omnia
526 2383 616 2447 irent
636 2378 893 2468 impedimenta,
931 2380 1054 2448 deindo
1110 2394 1113 2399 '

82 2469 228 2537 omnium
237 2467 549 2555 impedimentorum
564 2488 682 2551 agmen
695 2501 739 2515 -
752 2464 967 2553 quod'tamen
978 2476 1053 2535 erat

80 2555 259 2635 mediocre,
274 2562 313 2619 ut
328 2554 362 2618 in
377 2553 643 2643 expeditionibus
660 2573 735 2618 esse
752 2555 925 2619 consueuit
940 2589 984 2604 -
996 2577 1052 2623 no·

80 2646 177 2729 geret
206 2639 396 2707 undecima:
432 2662 473 2706 ne
503 2639 640 2705 maioris
665 2638 897 2705 'multitudinis
921 2643 1051 2731 speeies

82 2728 236 2798 accidere
260 2727 416 2814 hostibus
441 2734 594 2817 posset„
610 2748 710 2814 quam
738 2726 807 2814 ipsi
835 2724 1052 2817 depoposcis·
1139 2756 1144 2767 =

80 2825 168 2887 sent.
210 2818 285 2884 Hac
308 2814 438 2882 ratione
459 2835 570 2903 paene.
585 2812 760 2902 quadrato·
773 2815 902 2901 agmins
923 2819 1053 2882 instru-

81 2911 136 2971 cto
156 2905 192 2971 in
213 2910 426 2993 conspectum
445 2903 594 2993 bostium
609 2902 751 2968 celerius
765 2903 921 2992 opinione
936 2896 1051 2970 eorirm

81 2994 265 3071 exereitum
280 2990 428 3057 adducit.

143 3122 147 3129 ·
167 3080 233 3149 lX.
262 3078 347 3148 Cum
363 3074 501 3167 repente
517 3071 700 3145 instructas
716 3076 859 3144 velutin
874 3077 1050 3144 aeieoerto

83 3161 191 3251 gradu
220 3168 368 3254 legiones
397 3161 553 3233 accedere
583 3164 676 3231 Galli
702 3164 872 3244 viderent,
907 3186 1051 3254 quorum

83 3263 180 3321 erant
199 3254 239 3321 ad
256 3253 442 3323 Caesarem
464 3252 564 3339 pleno
583 3250 726 3319 fiduciae
748 3252 888 3319 consilia
908 3255 1051 3343 perlato,

72 3338 154 3407 'sive
169 3343 359 3408 certaminis
374 3340 525 3430 periculo
541 3338 611 3407 s'ive
627 3338 740 3405 subito
755 3338 902 3410 adventu
917 3360 978 3406 seu
992 3361 1050 3407 ex-

84 3429 290 3514 spectatione
313 3428 422 3495 nostri
442 3426 572 3493 consilii
593 3426 707 3513 copias
726 3426 902 3493 instruunt
918 3449 980 3515 pro
994 3450 1050 3493 ea-

83 3514 167 3581 stris
186 3537 245 3582 nec
265 3519 339 3581 loeo
360 3514 535 3603 superiore
554 3512 731 3580 decedunt.
774 3512 902 3582 Caesar
916 3515 983 3580 etsi
998 3513 1051 3580 di·
1140 3588 1146 3596 ,

81 3602 208 3668 micare
227 3611 418 3691 optaverat,
445 3607 565 3680 tamen,
579 3599 766 3667 admiratus
788 3608 915 3669 tantam
934 3602 1051 3667 multi-

81 3688 231 3757 tudinem
255 3691 401 3757 bostium
420 3689 513 3759 ualle
529 3686 723 3753 intermissa
746 3689 853 3775 magis
874 3689 911 3754 in
932 3691 1055 3753 altitu-

80 3774 191 3858 dinem
220 3776 380 3868 depressa
398 3797 511 3868 -quam
538 3775 611 3844 late
633 3781 782 3867 patente
804 3780 930 3841 caetra
947 3767 1086 3832 eastsexe

44 3941 47 3945 .
115 3896 215 3955 alut.
237 3898 358 3983 Caesar.
