2310 4148
130 144 198 226 nos
275 154 278 165 ·
323 151 405 255 ¹uu
432 98 611 263 sacco
642 133 891 259 cancico
972 106 975 119 ’

95 368 98 373 -
133 325 337 396 Neruiorum
357 323 529 392 contendit
551 333 586 392 et
602 325 718 414 prius,
747 347 846 413 quarn
866 325 919 392 illl
941 330 1001 391 aut
1021 346 1102 390 cou-

133 415 245 483 venire
268 421 328 480 aut
346 415 523 500 profugere
539 420 694 501 possent,
716 435 834 499 magno
849 414 980 501 pecoris
995 417 1100 500 atque

133 501 304 570 bominum
324 523 462 567 numero
482 508 581 589 capto
603 509 706 588 atque
723 523 763 565 ea
786 501 911 588 praeda
931 501 1101 566 militibus

133 611 289 657 concessa
305 589 515 675 vastatisque
533 588 623 674 agris
638 590 674 653 in
689 587 890 679 deditionem
911 590 1024 654 venire
1045 586 1109 654 at-'

132 698 199 766 que
209 675 354 743 ‘obsides
369 676 435 745 sibi
454 675 536 741 dare
551 675 671 760 coegit.
713 673 762 740 Eo
776 677 932 741 celeriter
945 675 1097 741 conlecto

133 766 269 851 negotio
293 782 414 829 rursus
433 762 582 847 legiones
599 763 633 828 in
654 760 789 827 hiberna
810 762 955 830 reduxit.
1006 754 1098 829 Con-

134 853 213 919 cilio
235 850 366 922 Galliae
393 849 504 938 primo
527 871 620 930 vere,
657 850 709 917 uti
728 850 938 929 instituerat,
968 849 1096 926 indicto

133 961 210 1007 oum
234 938 356 1025 reliqui
376 940 511 1024 praeteb
531 935 697 1016 Senones,
730 936 897 1004 Carnutes
916 936 1097 1003 Treviros-

46 1097 50 1103 ,
133 1048 201 1114 que
219 1027 407 1104 venissent,
436 1024 568 1089 initium
583 1023 666 1088 belli
680 1044 717 1088 ac
732 1023 927 1091 delectionis
944 1025 1005 1090 hoc
1019 1046 1096 1099 esse

132 1114 338 1191 arbitratus,
361 1119 403 1175 ut
422 1110 530 1175 omnia
551 1117 751 1197 postponere
771 1111 958 1190 videretur,
986 1113 1098 1178 conci-

119 1203 215 1267 'lium
231 1197 399 1265 Lutetiam
409 1195 616 1263 Parisiorum
629 1199 802 1268 transfert.
831 1196 986 1266 Confines
999 1206 1098 1266 erant

131 1288 169 1353 bi
193 1283 380 1352 Senonibus
409 1284 643 1371 civitatemque
667 1294 802 1370 patrum
827 1287 986 1352 memoria
1008 1302 1094 1352 ¹con-

35 1429 38 1433 .
75 1384 79 1397 '
131 1374 327 1455 iunxerantg
360 1369 423 1438 sed
447 1371 489 1437 ab
508 1373 571 1453 hoc
589 1373 731 1440 oonsilio
751 1373 899 1439 abfuisse
925 1374 1097 1441 existima-

132 1461 268 1529 bantur.
316 1455 392 1524 Hao
411 1479 449 1522 re
470 1480 532 1547 pro
553 1445 715 1545 suggestui
736 1462 954 1548 pronunciata
977 1462 1095 1529 eodem

132 1547 188 1614 die
201 1568 275 1625 cum
289 1545 477 1630 legionibus
490 1547 524 1612 in
542 1545 690 1615 Senones
702 1550 928 1639 proficiscitur
949 1552 1095 1637 magnis·

131 1656 197 1725 que
210 1633 391 1701 itineribus
406 1655 444 1699 eo
458 1633 619 1720 peruenit.
678 1683 681 1691 s

36 1831 40 1843 ι
217 1748 283 1819 IV.
326 1748 469 1835 Cognito
479 1751 557 1817 'eius
575 1748 717 1817 adventu
731 1750 845 1831 Acco,
866 1752 924 1837 qui
937 1754 1097 1841 princeps

46 1846 47 1851 ’
132 1840 206 1907 eius
227 1837 361 1904 consilii
382 1838 511 1918 fuerat,
539 1838 633 1904 iubet
654 1839 688 1902 in
703 1837 826 1926 oppida
846 1839 1101 1909 multitudinem

133 1928 324 2006 convenire;
360 1926 575 2006 conantibus,
611 1926 704 2012 prius
727 1947 827 2012 quam
849 1924 886 1989 id
907 1927 994 1991 ellici
1014 1951 1097 2017 pos-
1130 1954 1133 1958 ·

46 2015 50 2023 ”
133 2021 203 2095 set,
225 2011 352 2081 ,adesso
377 2010 546 2078 Romanos
573 2013 789 2092 nunciatum·
808 2015 997 2079 necessario
1018 2039 1095 2082 sen-

132 2105 240 2168 tentia
260 2099 429 2165 desistunt
453 2101 650 2185 legatosque
677 2099 879 2186 deprecandi
907 2123 1025 2182 caussa
1051 2104 1094 2171 ad

133 2187 313 2276 Gaesarem
338 2188 494 2264 mittunt3
533 2185 656 2251 adeunt
675 2208 736 2275 per
757 2184 921 2264 Aeduos.
952 2212 1094 2276 quorum

16 2297 17 2301 ’
134 2273 320 2360 antiquitus
337 2280 411 2339 erat
422 2274 457 2340 in
470 2271 534 2339 fide
549 2276 679 2339 civitas.
721 2271 882 2338 Libenter
896 2274 1023 2344 Caesar
1036 2303 1098 2368 po-,

133 2362 283 2430 tentibus
297 2360 430 2428 Aeduis
453 2359 517 2428 dat¹
535 2362 662 2428 veniam
682 2361 994 2452 excusationemque
1009 2368 1095 2432 acci-

159 2680 236 2802 Cap.
248 2679 299 2733 111.
331 2685 589 2758 quam-ppssent]
621 2683 723 2755 Zumpt
745 2686 772 2747 §.
794 2683 853 2740 676.
887 2685 984 2740 Sebulz
1008 2692 1033 2754 §.
1049 2690 1096 2746 84.

229 2766 252 2799 r.
267 2749 310 2802 13.
346 2747 403 2798 Der
422 2749 583 2801 Coniunctiv
603 2749 698 2804 driiclrt
719 2752 760 2804 die
778 2751 929 2808 Absicbt
952 2757 998 2809 des
1011 2760 1095 2814 C'asar

79 2818 82 2825 “
201 2834 266 2875 aus,
283 2805 533 2867 nuvorzuisommcn.
550 2847 586 2858 -
617 2829 747 2888 atqucca
758 2826 882 2893 pmeda]
907 2825 949 2876 bei
964 2827 1022 2878 dem
1040 2837 1097 2880 vor·-

201 2883 411 2961 hergegangenen
435 2901 530 2954 magno
545 2887 649 2957 pecoris
668 2901 747 2960 atque
768 2887 839 2943 bom.
855 2911 967 2945 numero
979 2893 1096 2958 dissolbe

150 2965 153 2969 ·
188 2947 479 3020 ,Weilscbwerligleit
497 2954 546 3005 wie
562 2954 604 3019 dle
615 2956 674 3009 Lib.
687 2958 710 3010 Ι.
726 2957 792 3026 Cap.
802 2957 893 3031 Vl.,p.
907 2965 933 3016 6.
950 2960 1020 3017 beim
1034 2965 1095 3022 Rel.

200 3018 343 3076 bernerlnte.
367 3017 406 3069 Ve
421 3019 456 3086 gl.
477 3020 534 3074 Lib.
549 3022 570 3074 I.
590 3026 626 3080 Ca
649 3025 824 3081 ‚XXXVllL
863 3032 926 3086 .88.
958 3028 1022 3102 Cap.
1039 3033 1098 3088 XL.

91 3142 93 3149 ¹
202 3111 231 3159 p.
246 3090 290 3168 fil.
314 3086 379 3160 Cap·
396 3039 491 3141 dlix.
510 3109 537 3162 p.
553 3095 595 3148 52.
626 3045 994 3166 idibllaCapAgleAES.
1029 3101 1096 3156 Ca.

202 3156 306 3213 XVIII.
350 3157 415 3210 72
428 3167 482 3227 βία.
507 3188 541 3199 -
578 3173 696 3227 potrum
713 3167 863 3236 memoria]
888 3168 945 3223 Cic.
959 3167 990 3219 de
1005 3167 1054 3222 Or.
1068 3122 1094 3235 Ii,

200 3231 234 3288 2,
252 3229 314 3283 8.;.
350 3223 404 3305 ιιΙΙι.
420 3235 523 3289 nostra,
545 3225 637 3298 plures
657 3241 762 3300 patrum
778 3235 905 3287 memoria
921 3246 1000 3306 atque
1017 3238 1097 3294 etiam

87 3341 89 3344 .
201 3294 503 3352 maiorumexsuterunl.
517 3321 551 3334 -·
567 3297 987 3370 Senonibus—coniunxerant]
996 3308 1099 3379 Zumpt

202 3366 229 3427 §.
242 3362 302 3416 415.
326 3360 425 3415 schulz
442 3366 466 3426 §.
480 3364 523 3416 77.
540 3362 588 3416 Nn.
603 3367 627 3422 5.
651 3397 686 3409 ·-
738 3388 771 3423 ro
783 3378 927 3438 suggestu]
953 3376 1054 3447 Zumpt
1071 3382 1097 3443 §.

202 3432 262 3490 311.
288 3429 387 3482 Schulz
404 3436 429 3497 §.
440 3432 499 3487 103.
518 3432 567 3486 Nr.
580 3436 611 3494 8,
629 3437 653 3489 1.
727 3437 800 3490 elcbe
813 3440 982 3513 Pr'aposition
998 3442 1098 3499 lbnnle

106 3562 108 3567 .
203 3497 274 3552 nocb
286 3497 396 3553 slehen?
420 3498 447 3553 S.
460 3499 520 3553 Lib.
532 3500 555 3554 l.
569 3503 634 3575 Cap.
649 3503 696 3561 lv.
713 3526 740 3578 p.
753 3509 780 3561 4.

20 3623 45 3688 ὶ·
171 3594 420 3719 Οεεὲἰνίῃξτίιῢ
438 3609 681 3668 quam-posset]
706 3605 744 3689 ist
757 3582 824 3686 diens
838 3605 957 3662 denselbe
970 3610 1027 3693 Fell
1047 3611 1099 3666 wie
1121 3578 1123 3583 Ι

201 3683 277 3787 mli.
290 3668 1102 3812 raia..diniiii.i.³..}⁶.i}⁰ziii¹{i’sfisidfi‘diidiii

103 3874 106 3878 .
189 3807 220 3870 ὃ.
236 3801 280 3861 84.
301 3803 353 3862 Nr·
371 3803 407 3873 iffi
414 3831 449 3850 ⁸-
456 3808 518 3871 lt..
533 3808 588 3865 deu
600 3811 647 3865 tus
659 3829 746 3882 quam
754 3810 814 3864 blec
825 3814 979 3897 passeudeu
984 3832 1043 3865 aus.
1098 3828 1100 3832 ·

1010 4055 1019 4088 q
1087 4068 1090 4071 ,
