2310 4148
209 109 212 116 ’
287 180 298 226 ·,
390 83 775 227 m-essnv'r'n
944 110 1061 231 ‘nn

83 323 188 390 cibus·
197 319 369 401 circitare.
382 324 607 412 celeriterque
619 321 805 393 coniunctis
820 329 922 411 atque
935 346 976 395 eo
989 329 1053 401 ul·

17 468 25 475 .
82 411 200 477 litibus
222 409 390 500 impositis
412 412 518 480 et'rei
537 413 684 479 novitate
698 412 893 501 perterritis
910 414 1053 505 oppida·

82 500 156 578 nis,
181 518 323 583 quorum
344 499 564 605 magnopere
586 505 661 566 erat
684 499 877 581 ad„hellum
900 510 1049 587 avocata,

81 584 545 677 sine'ecntentione'opprdo
569 590 710 675 potitur.
766 587 906 654 Refecto
933 597 1048 678 ponte,
1124 644 1126 649 .

10 734 22 753 ,
81 692 178 758 quem
195 668 563 758 snpe'rio'ribus'diebus
578 676 691 741 hostes
706 675 932 756 rescideram,
953 700 1046 745 exer-

79 761 181 845 citum
195 759 431 841 t'rausducitet
443 760 587 829 sectando
599 762 733 829 flumine
746 761 787 828 ad
798 762 964 828 Lutetiam
978 767 1046 832 iter

76 846 187 910 facere
207 848 345 937 cespiti,
372 846 500 929 Hostes
518 853 702 934 recognita
725 850 766 917 ab
782 851 843 931 iis,
866 853 925 939 qui
939 873 956 917 a
972 850 1044 919 Me·

74 926 465 1023 loduno'proid'garant,
498 935 668 1003 Lutetiam
700 937 830 1004 incendi
856 946 1042 1027 pontesque
1137 1010 1141 1022 ,

73 1022 147 1086 aius
167 1020 283 1110 oppidi
304 1022 453 1103 rescindi
469 1023 602 1107 iubent3
633 1025 698 1112 ipsi
719 1025 861 1112 proiecti
880 1047 897 1089 a
916 1025 1040 1179 palude

70 1108 112 1174 in'
123 1108 207 1195 ripis
224 1106 398 1195 Sequanae
418 1133 436 1175 c
458 1113 593 1203 regione
609 1110 765 1181 Lutetiae
785 1119 901 1179 contra
950 1113 1041 1181 abie-
1099 1186 1102 1193 ,

18 1228 24 1236 ·
70 1194 108 1262 ni
123 1203 234 1260 eastra
250 1195 444 1271 eonttidtiui.¹
532 1202 536 1213 '
1125 1198 1127 1203 ’

158 1295 256 1388 LIX,
296 1292 519 1385 lamliaeear
540 1324 559 1367 a
576 1273 743 1387 Gergovia
763 1297 1040 1369 discessissem.

68 1379 241 1467 ditabatur,
264 1385 329 1451 iam
351 1384 393 1451 de
405 1386 606 1475 deduorum
625 1386 810 1454 defectione
832 1394 868 1450 et
888 1386 1036 1456 seeundo
1136 1404 1139 1411 '

68 1468 201 1553 Galliae
214 1479 307 1539 motu
321 1494 472 1539 rumores
487 1473 724 1555 afferebantur,
747 1470 904 1558 Gallique
917 1475 952 1540 in
965 1477 1037 1541 ool·

64 1559 191 1645 loquiis
206 1559 423 1628 interclusum
437 1561 557 1628 itinere
575 1570 610 1639 et
622 1559 738 1647 Ligeri
751 1557 940 1642 Caesarem,
961 1560 1055 1626 ino-r

65 1646 312 1800 piafiirupqenti
329 1654 490 1802 'offiium
520 1649 555 1754 in
584 1645 1034 1801 Proviqeifameoutquqlisss

22 1904 25 1909 Ι
63 1754 140 1886 bitin
152 1742 891 1911 bidgniibioquibuidbcdadilbb'ilseeitibddlirb,
912 1756 1032 1889 daddo

10 1970 16 1977 ,
63 1916 297 1995 rogarentque
314 1921 429 2003 aperte
442 1910 565 1974 bellum
581 1931 702 1996 parare
716 1915 908 1994 coeperunt.
938 1908 1028 1976 Tum

61 1992 232 2060 Labienus
249 2004 343 2061 tanta
358 1998 469 2062 iarum
488 1998 747 2062 commutatione
758 1997 856 2079 longe
873 1995 965 2079 aliud
982 1997 1029 2061 ei·
1143 2078 1145 2083 ,

60 2081 96 2146 bi
119 2080 314 2171 capiendum
333 2072 508 2150 eonsilium
525 2092 627 2171 atque
642 2094 739 2150 antea
757 2090 910 2148 senserat
928 2083 1028 2149 intel·
1112 2135 1116 2142 .

57 2169 189 2252 ligebat
210 2172 321 2260 neque
348 2173 413 2259 iam
444 2181 483 2237 ut
514 2171 642 2260 aliquid
669 2172 858 2258 acquireret
879 2171 1026 2258 proelio-

58 2278 123 2345 que
144 2258 258 2343 hostes
276 2260 477 2339 lacesseret,
496 2258 556 2326 scd
576 2267 615 2325 ut
631 2259 826 2326 incolumem
843 2260 1025 2325 exercitum

10 2416 15 2439 ⁸
57 2344 270 2426 Agendieum
299 2345 475 2412 reduceret
504 2347 683 2428 cogitabat.
735 2345 891 2430 Namque
917 2346 1025 2411 altere

57 2454 97 2496 cx
112 2439 210 2516 parte
224 2432 406 2512 Bellovaci,
425 2452 510 2519 quae
526 2432 644 2496 civitas
658 2435 691 2496 in
708 2431 819 2497 Gallia
837 2452 1023 2497 maxumam

13 2528 37 2545 '·
54 2516 156 2585 babet
169 2518 354 2606 opinionem
371 2519 531 2596 virtutis,
543 2519 725 2597 instabant,
743 2518 882 2587 alterum
899 2517 1023 2583 Camu-

54 2607 342 2691 logenus'parato
372 2613 473 2692 atque
503 2606 667 2670 instructo
692 2604 838 2671 exercitu
867 2604 1020 2687 tenebntq

18 2698 23 2705 '
53 2699 136 2758 tum·
149 2693 296 2779 legiones
317 2716 333 2759 a
354 2691 522 2781 praesidio
539 2701 639 2779 atque
652 2690 900 2781 impedimentis
916 2693 1022 2758 int-er-
1125 2702 1128 2708 '

45 2781 168 2847 ‘clusas
186 2798 379 2851 maxumum·
395 2779 727 2851 flumendistiuebat.
768 2778 891 2849 Tantis
905 2780 1021 2848 subito

52 2953 259 2975 Μ

55 3058 59 3067 ’
88 3053 156 3122 Cap.
183 3053 282 3109 Lvttt.
330 3052 574 3125 en-tmposutr]
598 3051 666 3105 iiber
684 3069 717 3105 eo
739 3070 761 3107 ι.
779 3050 882 3122 Zumpt
911 3052 936 3115 §.
955 3044 1018 3107 490.
1112 3090 1117 3099 .

121 3121 219 3175 schulz
235 3128 260 3187 §.
275 3125 319 3178 78·
337 3123 386 3174 Νι.
397 3126 437 3182 11,
451 3127 482 3182 3,
496 3123 521 3176 4.
540 3151 573 3166 -
607 3122 838 3185 et-perterrr'tr‘s
851 3121 1016 3185 oppidanis]

120 3210 182 3241 rnen
200 3191 322 3243 bemerlre
339 3191 381 3243 die
394 3188 692 3260 Verscbiedenartiglreit
707 3189 753 3240 der
766 3186 951 3240 verbundenen
964 3184 1017 3241 Ab·

120 3257 378 3313 latiniabsoluti.-
411 3261 606 3324 aMeIoduno]
625 3274 646 3312 s.
662 3258 762 3329 Zumpt
779 3260 803 3320 §·
819 3258 878 3312 398.
898 3256 977 3336 Antp·
989 3258 1014 3312 1.
1072 3267 1074 3272 ⁴

119 3326 217 3380 Scbulz
235 3333 260 3392 §.
276 3331 319 3385 83.
337 3328 384 3381 Nr.
399 3330 431 3389 li,
446 3332 470 3382 1.
500 3329 575 3384 Eben
588 3328 701 3381 daselbst
714 3347 735 3377 s.
751 3326 816 3377 iiber
828 3325 858 3376 ad
874 3324 1015 3378 Lutetiam.

55 3436 75 3481 Ι
118 3425 156 3514 i-
177 3413 192 3447 c
210 3399 335 3518 rsegiqne]
354 3392 516 3517 perpi.¹Cap.
528 3397 639 3453 XXXV.
657 3399 767 3472 p.261'.,
783 3393 914 3453 bieraber
929 3392 1017 3450 sebir-

60 3478 65 3487 ‘
132 3482 459 3531 transumatur.
503 3488 506 3495 ·
631 3508 634 3515 .
792 3506 813 3517 ..
983 3506 986 3511 -

22 3574 55 3596 .·
83 3546 149 3621 Cap.
167 3548 236 3602 LIX.
271 3570 292 3611 a
312 3551 467 3621 Gergovia]
489 3551 570 3606 adas
587 3548 723 3620 concap.
746 3579 781 3591 -
813 3548 913 3600 itinere
929 3556 956 3599 et
972 3545 1015 3602 Li·
1139 3598 1142 3605 ,

82 3658 85 3663 .
116 3618 190 3684 geri]
209 3638 230 3671 c.
245 3620 346 3690 Zumpt
363 3625 388 3684 §.
405 3621 481 3684 t41.;
506 3630 566 3673 stati
587 3620 679 3670 itinere
697 3629 770 3671 trans
786 3617 899 3686 Ligerim
915 3617 1015 3669 facien·

76 3732 80 3739 ,
117 3688 162 3742 do.
177 3715 214 3730 ·-
247 3697 330 3740 tanta
343 3707 439 3743 rerum
453 3690 682 3752 commutatione]
696 3687 947 3751 Umstsndseblatir,
964 3686 1016 3735 wie
1082 3712 1085 3722 ·

119 3756 187 3828 Cap.
202 3756 284 3812 XLV.
306 3776 334 3830 p·
352 3760 412 3817 2682
431 3768 504 3812 tantu
517 3757 616 3830 spatio,
635 3775 662 3807 u.
677 3756 727 3813 ult.
747 3786 781 3804 -
811 3761 1016 3827 patstoptqut

118 3827 256 3883 instructo
267 3828 410 3896 secrete]-
424 3846 446 3883 ι.
462 3830 565 3900 Zumpt
581 3831 607 3894 §.
619 3826 680 3884 478.
