2310 4154
370 114 609 239 *Libuit
651 88 750 204 vm
817 198 821 203 .
898 100 946 215 ²3
982 86 1077 209 eos*

90 327 266 399 otolltaue,
294 319 381 386 alter
399 338 461 406 pro
475 312 562 385 coto
583 311 722 395 summis
737 308 861 414 opibus
879 332 1049 416 pugnare·
1124 388 1126 393 ¹

90 417 178 483 rant.
227 406 279 474 Ex
298 407 344 473 iis
364 402 573 494 Eporedorix
595 399 726 487 cognito
746 396 890 466 Lutarius
909 402 1050 467 oonsilio

91 496 201 567 media
215 492 286 563 fere
301 502 398 560 nocte
413 514 483 558 rem
496 489 541 555 'ud
556 486 734 557 Gaesarem
751 484 876 569 defer-t3
898 495 990 570 orat,
1008 511 1050 555 ne
1127 554 1129 560 ,

91 574 440 737 unumne
453 577 594 733 ru
612 573 1051 729 nutabundi
1120 590 1127 625 ··

92 695 110 739 a
154 693 301 736 ammira
348 690 440 734 our
487 687 597 731 ornam
761 708 772 743 ‚
1008 740 1011 745 Ι

91 757 286 850 provideat,
315 755 346 822 si
367 691 406 820 'Ide
427 761 480 820 tot
499 738 668 818 hominum
688 684 877 819 mutabam
896 752 1051 821 hostibus

90 844 338 924 coniunxerint,
360 863 507 929 quorum·
519 840 661 913 salutem
680 859 786 924 neque
804 842 984 930 propinqui
997 866 1053 917 ue·
1112 891 1114 895 Α

91 931 217 1022 glige're
232 953 338 1020 neque
351 929 469 998 civitas
479 928 545 995 leri
560 930 724 993 momento
738 928 916 996 aestimare
928 944 1055 1021 posset,

86 1040 89 1051 '
176 1034 253 1105 XL.
296 1035 417 1121 Magna
442 1034 584 1099 aflectus
606 1029 916 1113 sollieitudinoboo
936 1041 1056 1107 nunoio

91 1122 237 1204 Caesar,
259 1120 350 1210 quod
366 1132 500 1209 semper
512 1118 711 1187 Aeduorum
731 1121 864 1187 civitati
877 1128 1056 1215 praecipue
1084 1194 1087 1205 ,

90 1211 300 1288 indulserat,
333 1211 426 1275 nulla
449 1206 648 1295 interposita
674 1205 883 1274 dubitatione
903 1213 1056 1297 'legiones
1097 1255 1100 1263 ,

93 1295 266 1383 expeditas
286 1303 430 1381 quatuor
448 1297 699 1381 equitatumque
720 1317 848 1361 omnem
871 1318 912 1363 ex
932 1305 1056 1370 eastris

93 1368 228 1451 eduoit.'
250 1381 336 1469 -flNeo
357 1383 423 1449 fuit
445 1405 460 1444 s
487 1382 589 1445 atium
612 1382 673 1444 tali
694 1388 846 1470 tempore
865 1385 908 1449 ad
925 1397 1057 1456 eontra-

92 1468 200 1536 bonda
225 1478 356 1548 uestra,
383 1489 448 1554 quo
491 1488 546 1532 res
562 1466 672 1550 posita
687 1466 722 1530 in
736 1470 908 1536 eeleritate
923 1474 1057 1542 videba-

94 1565 165 1625 tur.
209 1554 249 1624 C.
264 1554 405 1621 Fabium
423 1556 666 1640 legatum'oum
686 1554 874 1637 legionibus
893 1579 922 1623 11
936 1568 1058 1631 eastris
1143 1572 1146 1577 ’

120 1642 264 1710 raesidio
286 1642 458 1730 relinquit.
502 1639 642 1713 Fratres
657 1637 802 1707 Litavioi
816 1665 890 1713 oum
910 1668 1059 1739 eompre-

94 1668 197 1799 bendi
216 1729 394 1811 iussisset,
424 1728 539 1817 paullo
559 1734 635 1792 anto
654 1728 782 1816 reperit
796 1729 839 1796 ed
853 1733 968 1803 hostes
982 1741 1060 1824 pro

94 1819 236 1905 fugisse.
266 1816 481 1903 Adhortatus
495 1814 633 1895 milites,
647 1836 688 1880 ne
703 1821 893 1891 necessario
907 1820 1062 1912 tempore'

94 1908 228 1974 itineris
242 1903 356 1970 laboro
394 1912 640 1982 ermovoantur‚
664 1903 891 1991 cupidissimis
906 1910 1066 1980 omnibus

97 1984 299 2086 progressus
322 1927 414 2057 milia
438 2011 598 2079 passuum
627 2010 698 2055 xxv
725 2013 841 2077 agmen
862 1995 1061 2067 Aeduorum

80 2080 309 2168 'conspicatus
332 2078 483 2144 immisso
506 2076 661 2163 equitatu
682 2077 749 2143 iter
771 2095 1062 2154 eorummoratur

97 2177 198 2257 atque
212 2164 355 2255 impedit
373 2163 609 2251 interdicitque
624 2165 796 2248 omnibns,
817 2190 860 2242 ne
873 2192 1061 2263 quenquam

96 2255 312 2323 interficiant.
357 2251 618 2344 Eporedorigem
641 2258 677 2318 et
697 2251 954 2341 virdumarum,
976 2285 1062 2350 quos
1120 2260 1122 2267 ’

97 2344 151 2409 illi
173 2343 368 2409 interlectos
392 2340 647 2416 existimabant,
673 2339 763 2405 iuter
781 2347 911 2427 equites
934 2352 1063 2417 versari
1114 2386 1117 2397 ·

99 2450 245 2513 suosque
276 2428 445 2515 appellare
471 2428 576 2494 iubet.
625 2424 674 2489 lis
695 2429 838 2510 oognitis
859 2438 894 2495 et
917 2431 1064 2503 Litaiioi

100 2513 219 2583 fraude
241 2518 417 2600 perspecta
434 2510 550 2577 Aedui
572 2530 689 2575 manus
710 2512 847 2581 tendere
867 2526 902 2582 et
922 2519 1064 2588 deditio-

101 2625 177 2670 nem
191 2600 379 2684 significare
396 2605 431 2662 et
446 2598 605 2685 proiectis
621 2596 722 2664 armis
735 2610 875 2669 mortem
890 2603 1065 2696 deprecari

101 2688 277 2776 incipiunt.
324 2685 497 2751 Litavious
522 2706 595 2749 oum
618 2683 690 2749 suis
713 2687 914 2769 clientibus,
943 2698 1064 2782 quibus

77 2812 80 2818 ·
102 2777 197 2842 nelos
216 2794 308 2839 more
324 2773 497 2840 Gallorum
521 2781 575 2837 est
595 2771 694 2837 etiam
714 2775 749 2840 iu
768 2781 1064 2854 extremaiortuno

76 2879 79 2886 ’
104 2864 261 2933 deserere
276 2868 453 2950 patronos,
476 2858 674 2943 Gergoviam
690 2862 853 2950 profugit.

190 2963 288 3034 XLI.
332 2961 459 3036 Caesar
477 2961 608 3029 nunciis
630 2959 673 3028 ad
687 2965 853 3037 civitatem
867 2970 1065 3042 Aeduorum
1142 3044 1146 3053 ,

105 3054 231 3135 missis,
249 3050 307 3140 qui
322 3074 383 3117 suo
397 3051 555 3117 beneficio
569 3060 782 3119 conservatos
797 3055 965 3142 docerent,
982 3084 1066 3150 quos

105 3145 179 3208 iure
192 3141 279 3225 *belli
302 3139 488 3206 interficere
506 3139 690 3226 potuisset,
711 3141 886 3231 tribusque
902 3149 994 3216 boris
1007 3173 1067 3219 no·

113 3312 314 3328 m

141 3413 209 3481 Cap.
224 3409 347 3463 XXXlX.
380 3411 436 3462 tevi
453 3421 592 3466 momento
610 3416 773 3479 aestimare]
797 3435 817 3470 s.
839 3419 948 3492 Zumpt.
963 3424 992 3490 §.
1005 3423 1068 3482 445.
1092 3468 1095 3476 .

175 3480 275 3545 §.456.
293 3478 372 3550 rergl.
387 3478 454 3550 Cap.
470 3482 543 3536 xlv,
582 3482 663 3538 .245.
681 3485 784 3553 gravius
799 3489 942 3545 aestimare.
1058 3488 1059 3495 ’
1119 3520 1129 3551 3

126 3550 209 3619 ,Gap
232 3549 289 3602 XL.
328 3549 494 3615 interposita
516 3502 699 3617 deditarum]
730 3552 809 3623 rergl.
840 3557 899 3613 Lib.
923 3556 971 3615 lv,
1000 3562 1068 3630 Gap.

175 3616 290 3671 XXXll.
308 3635 335 3688 p.
351 3616 411 3672 141.
428 3619 579 3689 suspicione
593 3620 755 3692 interposita.
774 3652 809 3666 -
836 3631 1070 3695 permoveantur]

123 3726 128 3734 .
175 3684 296 3745 absolut,
324 3687 377 3739 wie
401 3685 467 3761 Cap.
481 3689 635 3743 XXXVlll.
652 3689 728 3745 letale
741 3693 824 3748 Anm.
844 3722 881 3737 -
921 3698 1086 3759 {uuistuom

176 3774 226 3809 zur
238 3752 454 3827 Umsebreibung
468 3759 520 3818 wie
533 3757 574 3814 on
584 3759 722 3833 coepisse,
739 3762 1001 3837 stumptSCl‘o'ss
1010 3751 1106 3815 *sebe

176 3825 242 3896 usp.
257 3821 320 3881 xri.
337 3845 367 3900 p.
381 3825 444 3885 aas.
1024 3842 1027 3847 ·
