2310 4148
110 74 210 207 ¹aro
309 64 972 219 '‘ceumaco-sumen
1072 198 1079 207 ,

144 308 322 391 sequatur.
364 301 407 372 In
428 300 568 389 reliquis
591 302 680 376 vitoe
698 301 869 371 institutis
888 304 949 370 hoo
973 303 1052 373 fere
1073 308 1119 375 ah

70 453 74 459 .
144 393 287 479 reliquis
305 387 480 470 differunt,
502 388 592 476 quod
610 413 690 455 suos
705 389 831 458 liberos
848 391 913 458 nisi
935 415 1013 459 cum
1035 394 1120 463 ado

143 480 304 559 leverint,
325 486 365 545 ut
384 498 505 544 munus
528 477 667 543 militiae
687 481 855 546 sustinere
877 482 1033 568 possint,
1056 505 1118 571 pu·

81 588 100 617 »¹
142 568 212 635 lam
234 567 276 633 ad
294 589 330 634 se
347 565 441 633 adire
456 586 521 631 non
538 566 714 653 patiuntur
728 567 900 654 filiumque
915 570 1044 654 puerili
1061 593 1118 638 ae·

143 662 216 811 piato
234 656 268 720 in
280 655 426 744 publico,
445 655 483 721 iu
497 660 676 745 conspeetu
690 656 810 743 patris,
833 657 997 722 assistere
1010 660 1118 749 'turpe

60 764 63 769 ·
169 749 282 811 ucunt.
1100 759 1103 763 “

40 916 44 925 ,
228 841 331 915 ΧΙΧ.
366 841 445 909 Viri
458 846 600 932 quantas
614 844 773 932 pecunias
788 830 829 909 ab
843 843 1007 911 uxoribus
1023 843 1116 913 dotis

69 935 76 945 ‘
116 934 276 1015 ,nomine
297 944 518 1019 acceperunt,
539 939 650 999 tantos
674 955 715 997 ex
737 931 809 1006 suis
830 931 926 998 bonis
950 935 1116 1002 aestima·

47 1056 51 1065 ·
142 1023 235 1088 tione
250 1012 339 1087 facta
352 1040 426 1086 cum
441 1018 576 1086 dotibus
590 1020 846 1088 communicant.
873 1018 987 1086 Huius
1003 1022 1116 1089 omnis

20 1134 26 1149 ¹
142 1108 303 1199 pecuniae
321 1107 522 1172 coniunctim
538 1109 627 1174 ratio
640 1108 800 1186 habetur,
820 1107 1024 1194 fructusque
1041 1106 1128 1177 scn'

143 1205 280 1276 vantur3
307 1201 385 1258 uter
407 1214 520 1260 corum
544 1196 614 1262 vita
639 1195 828 1282 superarit,
858 1194 901 1259 ad
926 1217 1006 1260 eum
1030 1218 1114 1285 pars

140 1283 319 1368 utriusque
332 1300 407 1344 eum
420 1281 587 1347 fructibus
602 1283 813 1368 superiorum
827 1288 1020 1369 temporum
1032 1305 1114 1372 per-

139 1370 242 1437 venit.
279 1365 357 1433 Viri
371 1369 407 1434 in
418 1390 539 1434 uxores
555 1369 643 1435 sicut
655 1370 690 1435 in
703 1369 829 1434 liberos
844 1371 931 1435 vitae
947 1373 1113 1458 necisque

139 1456 265 1523 habent
284 1459 506 1543 potestatem,
528 1461 562 1522 et
582 1479 656 1522 cum
675 1457 939 1546 paterfamiliae
959 1459 1113 1527 illustri-

140 1545 194 1611 ori
213 1546 289 1610 loco
309 1552 406 1609 uatus
427 1542 589 1625 decessit,
611 1550 683 1610 eius
707 1545 887 1631 propinqui
904 1547 1112 1614 conveniunt

138 1642 175 1700 et
195 1630 237 1698 de
259 1640 366 1696 morto
387 1631 419 1696 si
437 1653 493 1698 res
516 1633 551 1696 iu
571 1633 795 1720 suspicionem
809 1632 916 1712 venit,
937 1632 980 1697 de
993 1634 1113 1705 uxori-

41 1742 44 1747 *
137 1721 203 1787 hus
225 1722 259 1784 in
281 1718 435 1783 servilem
457 1718 590 1784 modum
611 1720 838 1804 quaestionem
852 1719 996 1796 hahent,
1023 1727 1062 1789 et
1077 1723 1112 1809 si

137 1812 355 1894 compertum¹
365 1810 436 1884 est,
462 1806 532 1889 ig'ni
554 1815 654 1889 atquo
677 1806 829 1874 omnihus
848 1808 1029 1875 tormentis
1051 1831 1111 1877 ext·

138 1894 307 1960 cruciatos
323 1893 541 1960 interficiunt.
582 1894 714 1960 Funera
736 1904 816 1959 sunt
834 1916 896 1982 pro
910 1896 1007 1961 cultu
1024 1895 1112 1965 Got-

136 1984 246 2052 lorum
263 1981 437 2064 magnifica
450 1986 486 2046 et
500 1987 706 2070 sumptuosa,
718 1982 903 2067 omniaque,
917 2005 1006 2068 quae
1020 1985 1108 2051 viris

50 2124 61 2155 Ι.
82 2066 87 2081 ”
137 2068 232 2137 cordi
254 2067 360 2133 tuisse
372 2069 599 2148 arbitrantur,
624 2069 657 2133 in
680 2070 788 2154 ignem
797 2069 967 2151 inferunt,
999 2073 1106 2139 etia·
1140 2108 1145 2119 ι

139 2156 312 2234 animalia3
332 2176 369 2218 ao
391 2156 505 2242 paullo
529 2177 631 2242 supra
646 2157 731 2244 hane
750 2157 941 2223 memoriam
960 2159 1106 2229 serviet

100 2314 113 2337 ⁶
136 2244 296 2320 clientes,
318 2261 402 2327 quos
416 2240 457 2306 ab
473 2241 516 2307 iis
531 2240 679 2308 delectos
692 2265 767 2310 esso
782 2244 975 2326 constabat,
997 2246 1105 2315 iustis

136 2327 311 2401 funeribus
329 2328 490 2396 confectis
505 2351 572 2394 una
585 2331 829 2398 cremabantur.

135 2516 142 2525 Ι
209 2422 306 2502 ΙΧΧ.
351 2430 448 2522 Quae
459 2433 612 2503 ciuitates
625 2435 829 2505 commodius
841 2457 936 2503 suam
949 2456 1024 2503 rom
1040 2458 1105 2529 pu·

116 2774 118 2783 <
171 2754 236 2821 Cap.
249 2750 351 2804 XVIII.
377 2748 457 2820 sere]
475 2759 550 2804 etwa.
577 2713 678 2824 Zumpt
693 2757 787 2818 §279-
801 2763 863 2807 extr.
881 2754 961 2824 vergl.
976 2754 1039 2809 Lib.
1050 2755 1101 2810 111.

205 2820 271 2891 cap.
286 2817 390 2899 xvtlt.
407 2838 433 2890 p.
450 2820 507 2875 104.
526 2847 561 2900 '.‘
593 2826 784 2904 adoleverant]
803 2822 900 2876 tonnae
914 2842 940 2876 es
954 2824 1026 2878 auch
1037 2823 1100 2879 ado·

201 2890 322 2943 lecerunt
340 2886 462 2939 heisten?
496 2889 549 2940 Mrt
563 2888 623 2943 dem
633 2892 794 2946 Coniunctis
814 2893 848 2944 ist
865 2893 915 2944 nisi
934 2912 998 2945 cum
1013 2893 1099 2947 adole·

170 2963 172 2967 ’
203 2957 290 3012 verint
309 2952 408 3009 mitola
423 2973 485 3007 zum
500 2957 601 3013 Verbot
621 2962 846 3032 (conpatiuntur)
860 2960 1101 3033 gehtrigbczeith·

201 3037 256 3082 net.
288 3027 390 3096 Zumpt
407 3027 432 3090 §.
447 3025 507 3081 ⁵47.

169 3113 236 3186 Cap.
248 3110 323 3164 xlx.
357 3108 434 3179 Vin]
459 3108 715 3184 Stellung‚anpt
732 3116 757 3177 §-
770 3116 830 3169 811.
854 3144 889 3156 -
923 3122 1100 3179 uter-suff

199 3182 325 3250 perurit,
344 3182 387 3260 cd
406 3196 471 3231 eum
485 3207 519 3221 -·
532 3183 672 3262 peruenit]
698 3181 776 3250 rcrgl.
798 3183 863 3264 Cep.
880 3182 968 3236 XVll.·
977 3201 1022 3263 ⁸p.
1035 3186 1099 3240 217.

85 3302 88 3309 ·
200 3247 1099 3396 :tttt‘ttttnssttttitttituta?gttpttntitttsst

202 3386 242 3439 lex
262 3396 315 3447 est,
332 3395 362 3438 ut
376 3394 520 3457 pervemat.
543 3414 576 3427 -
610 3396 674 3438 uter
691 3393 800 3453 eorum]
817 3387 862 3440 das
878 3386 1036 3443 Vcrwalten
1053 3389 1097 3442 des

198 3452 369 3510 menntichm
382 3451 553 3508 Geschleehts
570 3472 592 3507 s.
606 3454 713 3507 Libslt.
731 3455 768 3509 Ca
790 3454 870 3510 .le
885 3474 913 3525 p·
927 3457 972 3512 68.
990 3486 1027 3499 —
1048 3461 1098 3510 ‘dc

198 3532 290 3575 morte
307 3524 336 3574 si
349 3522 643 3588 resumptionem
657 3525 748 3589 venat]
767 3477 799 3578 ie
810 3522 997 3586 hinsichtlich,
1013 3525 1097 3597 vergi.

91 3632 96 3640 .
200 3592 272 3645 Zum
293 3600 302 3641 t
318 3594 344 3654 §·
356 3593 433 3649 808.=
457 3590 488 3643 de
504 3611 547 3645 me
566 3603 655 3647 autem
669 3593 775 3665 suscipe
789 3593 934 3665 paullisper
950 3612 1024 3647 meas
1059 3614 1098 3647 ar·

199 3670 239 3712 tes
257 3610 345 3726 (gii).
368 3690 404 3703 --
443 3661 473 3712 in
491 3664 620 3715 servilem
637 3666 766 3734 modum]
787 3682 807 3715 s.
824 3662 882 3716 Lib.
896 3662 918 3716 1.
942 3663 1008 3719 Ca.
1053 3663 1098 3718 Lt.

197 3748 228 3801 p.
243 3728 285 3780 43.
306 3755 342 3770 -
371 3731 472 3796 paullo
483 3734 587 3802 supra]
604 3750 626 3787 s.
638 3731 741 3804 Zumpt
756 3733 852 3798 §.882
871 3730 950 3802 sergi.
969 3681 1100 3806 (iaplX.

197 3818 226 3870 p.
239 3799 301 3853 209.
