2310 4154
366 131 834 249 essentne:
909 198 913 205 ·
996 178 1074 276 ue.

81 324 243 442 'cognitis
259 354 360 444 plura
426 318 479 441 em
493 346 653 421 videbant
667 345 961 421 excnnescctcne-
983 346 1062 438 Quo

98 444 189 523 laeto
204 444 367 511 statuisse
410 441 551 509 ommius
567 438 742 507 dicebatur
753 458 921 529 nunquam
934 436 969 504 in
983 456 1073 517 eun-s·

97 537 250 621 spectum
267 532 364 606 cuius
387 550 463 596 uam
477 528 620 617 Romani
633 528 756 596 venire.
969 584 972 589 ,
1013 576 1031 597 .-

61 651 63 656 ·
133 674 141 685 ,
184 616 322 688 XXIV.
364 550 640 692 bllicesissimis
656 613 811 701 gentibus
823 611 963 682 devietis
976 610 1063 681 Gee-

99 724 158 770 sar
178 724 255 772 cum
273 702 405 772 uideret
425 704 550 769 nullam
573 702 640 769 iuni
661 724 736 769 esse
756 703 948 782 eivitatem,
975 722 1061 786 queo

97 790 223 857 bellum
271 797 399 873 araret,
420 812 487 879 quo
507 788 574 856 sibi
592 790 786 872 resisteret,
807 787 869 858 sed
881 787 1084 863 nonnullos

99 899 141 945 ex
150 879 230 968 oppi
254 880 284 947 is
299 879 547 966 demigrarem
560 878 651 963 agris
665 877 828 964 diffugere
842 875 886 943 ad
900 876 1062 967 praesens

97 964 1069 1140 letus„stultsumaeruueulu
1109 1018 1119 1035 κ

96 1131 227 1226 legione
241 1162 296 1212 xa,
309 1143 375 1209 sibi
394 1141 581 1227 coniungit3
606 1137 647 1209 C.
658 1138 801 1207 Fabium
817 1141 967 1226 legatum
984 1120 1069 1221 eund.

96 1228 291 1294 cohortibus
305 1248 375 1295 xxv
390 1229 495 1294 mittit
507 1229 543 1294 in
558 1226 820 1296 diversissimam
834 1227 969 1298 Galliae
982 1247 1065 1314 par-¹

96 1321 183 1396 tem,
204 1312 360 1403 quodibi
426 1314 541 1382 aedem
561 1315 715 1382 civitatee
736 1316 774 1382 in
792 1317 895 1383 armis
912 1336 986 1383 esse
1001 1336 1066 1393 an..

100 1400 232 1485 diebat,
254 1424 362 1490 neque
379 1338 425 1474 dd.
442 1400 620 1473 Caninium
635 1401 792 1470 Rebilum
813 1405 980 1490 legatum,
1001 1404 1061 1492 qui

95 1490 133 1555 in
147 1489 218 1556 illis
230 1488 422 1576 regionibus
440 1496 613 1579 praeerat,
623 1528 625 1532 ·
635 1490 720 1556 satis
735 1490 850 1557 ffimas
866 1512 894 1557 11
908 1489 1061 1574 legiones

95 1575 219 1644 babere
238 1578 462 1648 existimabat.
503 1577 549 1645 Τ.
562 1576 746 1643 Labienum
764 1576 808 1645 ad
821 1598 863 1645 se
874 1583 992 1645 evocat
1008 1579 1060 1649 le·

96 1664 293 1753 giouemque
307 1686 389 1747 ιιι,
409 1687 495 1754 quae
509 1676 590 1731 cum'
604 1686 643 1730 eo
659 1665 771 1731 fuerat
785 1666 822 1732 in
832 1665 1002 1746 bibernis,
1016 1666 1063 1733 -in

95 1752 261 1838 Togatam
275 1751 421 1820 Galliena
441 1754 548 1819 mittit
569 1750 612 1818 ed
631 1753 778 1819 colonias
798 1746 920 1820 cisium
935 1749 1078 1831 Rome,

93 1861 212 1917 uorum
236 1838 396 1922 tuendas,
416 1862 458 1907 ne
501 1839 698 1908 uod-simile
713 1839 957 1925 incommodum
972 1839 1060 1906 acei-

94 1926 192 2011 deret
212 1927 407 1996 decursione
424 1863 659 2009 barbarorum,
676 1950 720 1993 eac
737 1929 910 2017 superiore
929 1935 1064 2001 aestate

94 2015 308 2101 Tergestinis
329 2015 523 2097 accidisset,
544 2017 604 2103 qui
621 2017 795 2104 repentino
808 2016 989 2082 latrocinio
1006 2023 1059 2083 at-

75 2143 82 2148 ·
118 2125 161 2169 ue
173 2104 302 2192 impetu
315 2106 429 2169 eorum
448 2109 545 2169 erant
563 2104 730 2194 oppressi.
773 2101 852 2193 lpse
867 2101 910 2169 ed
924 2107 1066 2183 vasten,

93 2123 155 2256 dos
168 2188 486 2281 depopulandosque·
497 2191 581 2257 lines
594 2190 807 2276 Ambiorigis
823 2190 1059 2277 proficiscitur,

91 2298 191 2365 quem
213 2280 431 2369 perterritum
450 2300 488 2344 ae
503 2278 685 2364 fugientem
698 2299 774 2344 eum
787 2277 897 2363 redigi
908 2300 1009 2369 posse
1021 2278 1058 2345 in
1105 2276 1107 2280 ’

93 2385 188 2429 suam
206 2374 407 2468 potestatem
429 2365 664 2452 desperasset,
684 2386 882 2451 proxumum
903 2387 984 2430 suae
1003 2366 1057 2431 di·
1078 2402 1081 2407 ·

92 2452 234 2536 guitatrs
247 2466 323 2518 esse
335 2450 478 2517 ducebat
491 2449 573 2516 adeo
587 2453 670 2517 fines
686 2452 757 2515 eius
767 2458 902 2516 vastare
915 2452 1057 2532 civibus,

93 2537 267 2618 aedificiis,
281 2559 413 2627 pecore,
426 2548 465 2602 ut
479 2536 555 2603 odio
569 2559 705 2614 suorum
718 2537 910 2618 Ambiorix,
924 2540 954 2603 si
970 2548 1054 2625 quos

91 2625 227 2691 lortuna
249 2626 386 2692 iecisset
405 2625 573 2710 reliquos,
599 2626 728 2712 nubum
751 2622 897 2691 reditum
916 2634 1055 2717 propter

90 2718 205 2780 tantas
222 2713 430 2779 calamitates
442 2712 581 2779 baberet
590 2712 625 2778 in
641 2712 821 2787 civitatem,
951 2758 995 2798 ·-.
1102 2720 1105 2727 ’

177 2798 294 2870 XXV.
335 2799 421 2869 (ium
439 2800 474 2866 in
495 2799 600 2865 omnis
618 2808 733 2888 partes
746 2800 862 2866 finium
878 2790 1053 2888 Ambiori7

92 2887 146 2975 gis
168 2895 227 2955 aut
244 2889 393 2976 legiones
410 2892 471 2955 eut
487 2888 611 2953 auxilia
628 2886 813 2955 dimisisset
826 2888 926 2974 etque
943 2886 1053 2955 omnia

90 2975 270 3059 baedibus,
302 2974 483 3056 incendiis,
511 2975 638 3064 rapinis
660 2982 827 3044 vastasset
849 2980 967 3060 magno
990 2995 1053 3053 uu·-

90 3084 183 3130 mero
197 3063 364 3131 bominum
376 3064 552 3131 interfecto
567 3070 626 3129 aut
643 3071 759 3151 capto,
778 3063 962 3129 Labienum
976 3083 1052 3127 eum

91 3149 223 3218 duabus
237 3150 424 3238 legionibus
434 3153 469 3219 in
477 3150 638 3218 Treviros
651 3153 767 3232 mittit,
777 3171 917 3238 qrrorum
932 3149 1052 3215 civitas

90 3239 434 3392 propterGermeniae
442 3239 644 3311 vicinitatem
654 3236 859 3326 quotidianis
869 3237 1052 3303 exercitata

115 3327 192 3393 ellis
212 3329 304 3395 cultu
325 3335 360 3394 et
378 3328 513 3394 feritate
526 3349 591 3393 non
605 3330 744 3394 multum
761 3325 969 3392 aGermenis
986 3322 1051 3391 dil-

44 3490 47 3494 .
88 3413 222 3568 pembpt
237 3437 345 3504 neque
361 3415 522 3504 imperata
537 3437 681 3503 unquam
695 3415 766 3483 nisi·
774 3412 921 3480 exercitu
936 3408 1052 3505 coacte

105 3500 173 3568 acie
198 3509 246 3571 at.
561 3530 588 3563 ·.
645 3560 647 3565 .
879 3533 882 3539 ·

69 3662 77 3677 s
175 3587 311 3657 xxvi.
345 3589 485 3658 Interim
500 3589 540 3661 G.
558 3586 719 3657 Coruinius
737 3586 869 3673 legatus
889 3607 964 3652 cum
980 3605 1050 3667 ml?

89 3696 189 3763 gnam
207 3677 460 3746 multitudinem.
471 3677 663 3746 convenisse
675 3674 822 3742 bostium
839 3674 874 3740 iu
889 3674 979 3755 lines
989 3668 1067 3763 Pi-=

87 3771 220 3857 otenrrm
240 3765 368 3833 litteris
381 3765 582 3857 nunciisque
592 3763 741 3834 umam
751 3761 1002 3846 cognossenen,
1013 3767 1085 3824 dxxx

74 3860 244 3940 vetustus
256 3855 294 3925 in
307 3855 465 3931 amicitia
478 3856 727 3931 &rumorum
736 3839 1115 3942 ,gmmsenemw
