2310 4148
132 124 205 203 en
304 116 409 190 -os
436 66 903 230 ssiioeninico

136 297 228 371 idcio
246 253 387 388 postero
396 291 458 363 dis
476 264 631 378 iecisset,
655 256 800 365 satis-ad
813 265 990 366 Gallicam
998 301 1113 365 osten·
1140 262 1143 267 Ι

126 389 205 457 ‚rati
249 407 302 453 em
315 381 527 453 minuendam
542 386 895 474 militumque-animos
909 385 1113 451 confirmin-

13 516 29 535 .
140 472 204 543 dos
234 481 343 540 ectum
359 468 553 539 existimans
566 474 602 539 in
616 472 758 540 Arduos
774 464 885 539 castri
900 475 1022 541 movit.
1039 526 1042 533 .
1062 472 1112 541 Ne

141 571 223 629 tuni·
235 559 369 650 quidem
391 559 555 629 insecutis
577 560 732 627 hostibus
746 562 848 626 tertio
863 559 918 628 die
933 560 978 625 ad
988 560 1111 639 flumen

56 698 59 703 ·
140 649 265 727 Elaver
304 655 413 714 entem
430 646 549 713 reiecit
565 655 665 735 atque
677 649 859 714 exereitum
874 646 1086 719 transduxit.

227 735 258 804 L
313 781 324 803 .
354 733 408 800 lsi
424 756 444 799 s
459 730 665 815 Virdiimaro
678 741 780 823 etque
793 733 1029 822 Eporedorige
1044 736 1113 802 Ae·
1150 729 1155 822 i

140 821 222 891 duis
244 845 263 888 a
289 823 436 913 pellectus
460 819 563 889 discit
590 843 665 886 eum
692 823 783 888 omni
806 822 963 908 equitatu
984 821 1114 889 Litavi-

142 932 219 979 cum
241 846 287 976 ad
304 907 535 977 sollicitandos
550 906 689 975 Aeduos
704 910 890 997 proiectum
905 930 1006 991 essc3
1030 930 1113 997 opui

90 1038 101 1049 -
143 1020 219 1065 csse
235 1004 271 1065 et
281 997 374 1086 ipsos
388 995 587 1084 praecedere
600 994 644 1060 ed
658 995 916 1065 confirmandam
930 997 1115 1084 civitatem.

144 1084 225 1155 Etsi
243 1084 360 1153 multis
381 1083 447 1152 iem
463 1083 563 1149 rebus
575 1075 751 1171 perfidiam
764 1081 964 1151 Aeduorum
978 1084 1061 1171 per's
1085 1106 1116 1149 e

144 1183 235 1247 ctam
251 1171 396 1239 habehat
412 1175 512 1255 atque
529 1170 646 1235 horum
662 1169 815 1239 discessu
832 1168 1047 1237 admaturari
1061 1106 1098 1235 i

144 1259 323 1327 sectionem
344 1256 492 1322 civitatis
513 1256 728 1325 existimabat
734 1302 749 1335 ‚
781 1264 894 1323 tamen
919 1254 1114 1325 retinendos

146 1366 205 1412 eos
227 1361 301 1411 nou·
315 1343 463 1424 censuit,
481 1362 523 1408 ne
543 1350 603 1411 aut
623 1344 924 1411 inferreiniuriam
941 1344 1117 1411 videratur

145 1437 210 1507 aut
226 1430 310 1498 daie
328 1432 460 1498 timoris
481 1431 626 1519 aliquam
648 1431 884 1521 suspicionem.
926 1430 1117 1499 Disceden-

147 1516 242 1603 tibus
265 1520 320 1587 liis
342 1519 490 1584 breviter
510 1541 572 1585 sua
595 1519 631 1585 in
650 1519 793 1587 Aeduos
814 1517 935 1585 merite
962 1520 1115 1624 exponit:

148 1612 235 1697 quos
248 1614 284 1674 et
297 1629 397 1694 quein
413 1605 564 1677 humiles,
574 1607 776 1695 accepisset,
798 1607 996 1694 compulsos
1003 1629 1050 1673 en
1061 1628 1117 1695 op-

91 1758 93 1763 .
149 1693 247 1786 pido,
270 1696 430 1759 multatos
450 1693 560 1778 egris,
584 1688 739 1760 omnibus
760 1695 887 1784 eieptis
905 1695 1036 1783 copiis,
1056 1694 1118 1759 iiii-

126 1814 129 1819 ·
149 1781 263 1872 posito
279 1778 465 1871 stipendio,
485 1779 661 1847 obsidibus
673 1782 805 1847 sumnia
822 1803 896 1847 cum
912 1781 1118 1847 contumelia

150 1868 309 1950 extortis3
337 1874 372 1934 et
390 1867 544 1953 quentin
564 1868 732 1935 fortunam
755 1889 921 1956 quamquo
939 1868 978 1935 iii
1000 1868 1118 1958 ampli·

150 1954 300 2027 tudinem
315 1953 527 2036 deduxisset,
548 1963 588 2021 ut
601 1978 667 2023 non
680 1958 789 2023 solum
802 1956 837 2021 in
850 1956 1036 2044 pristinum
1044 1958 1118 2022 'sta-

150 2050 223 2110 tuni
237 2040 416 2122 redissent,
438 2041 499 2110 sed
512 2043 657 2109 omnium
671 2051 858 2131 temporum
871 2042 1074 2128 dignitatem
1086 2046 1118 2109 et

151 2129 296 2216 gretiam
316 2130 538 2194 antecessisse
552 2130 757 2200 viderentur.
799 2131 865 2199 His
877 2129 1116 2199 datismiinda·
1144 2200 1147 2207 ,

18 2284 22 2301 ,
152 2215 200 2287 tis
213 2236 272 2280 eos
287 2213 329 2278 alr
343 2236 381 2279 se
393 2213 535 2282 dimisit.

237 2298 316 2369 LV.
347 2298 583 2369 Noviodunum
598 2307 673 2370 erat
686 2302 846 2392 oppidum
858 2294 1064 2370 Aeduorum
1078 2299 1117 2368 ed

45 2424 62 2449 ο
150 2388 246 2481 ripas
259 2387 392 2473 Ligeris
408 2411 451 2479 op
476 2393 680 2458 ortunolcco
694 2393 853 2480 positum.
896 2387 976 2455 Huc
993 2389 1117 2475 Caesar

152 2498 267 2545 omncs
286 2476 420 2543 obsides
441 2411 591 2559 (initiae,
617 2479 839 2571 frumentum,
860 2477 1040 2565 pecuniam
1057 2497 1117 2568 pii·

150 2563 295 2645 blicam,
326 2586 463 2631 suorum
491 2572 591 2655 etque
616 2567 782 2633 exercitus
804 2561 1118 2654 impedimentorum

28 2696 34 2709 ·
71 2680 76 2691 ¹
152 2672 305 2738 magnam
321 2658 451 2740 panteni
467 2654 674 2737 contuleram
694 2656 758 2721 huc
775 2673 929 2739 magnum
941 2672 1117 2719 numerum

152 2757 316 2843 equorum
335 2739 433 2805 huius
449 2738 539 2843 pelli
560 2762 681 2808 caussa
700 2741 736 2808 in
751 2740 853 2810 Italia
875 2745 977 2843 etqpe
991 2738 1119 2895 Hispo·

150 2847 210 2894 uie
227 2831 393 2893 coemtuni
413 2832 563 2899 miserat.
604 2826 655 2896 Eo
672 2848 748 2896 cum
764 2826 973 2920 Eporedorix
988 2826 1059 2899 tir
1082 2847 1120 2895 ii·

87 3010 98 3019 .
153 2995 356 3017 Μ

186 3099 254 3224 cap,
268 3097 344 3180 iiii.
364 3082 758 3178 eaeeamaimeaiemm]
779 3110 801 3152 c.
814 3098 879 3171 cae
893 3056 1119 3175 XLVIL'psie

245 3167 422 3221 raticensibus
443 3168 578 3240 praemiis.
599 3199 635 3212 —
666 3170 827 3239 adflumen
833 3177 992 3238 *pontem
1008 3171 1117 3243 rejecit]

220 3253 259 3291 ic·
275 3253 439 3308 progressus.

185 3321 254 3391 Cap.
268 3319 341 3374 niv.
376 3320 501 3389 eti'psos]
519 3338 540 3375 s.
554 3318 657 3391 Zumpt
671 3323 697 3386 §.
709 3324 770 3379 698.
787 3345 824 3362 -
846 3318 970 3391 'eumeni
986 3322 1117 3395 sistung.

218 3406 242 3442 s.
254 3386 355 3443 schulz
376 3392 476 3454 §.·106.
497 3390 546 3444 Nc.
560 3389 608 3451 14,
625 3393 652 3445 2.
676 3413 710 3429 -
742 3400 795 3472 aue
807 3393 891 3460 dure]
910 3410 974 3444 man
995 3399 1117 3447 ermriei

334 3455 1116 3596 ier-ere.cessissemus·

218 3608 268 3661 gan
287 3610 365 3672 suem
382 3612 429 3678 ne,
453 3614 475 3649 s.
487 3594 589 3676 Zumpt
611 3598 712 3659 §.iou
738 3615 767 3648 ie
799 3595 816 3648 Ι.
836 3596 896 3650 Lib.
911 3595 960 3649 v1.
978 3546 1119 3683 &pff

219 3676 249 3728 p·
264 3609 325 3714 {82-
344 3678 367 3711 si
384 3661 481 3734 aliqua.
508 3661 568 3718 Iob.
582 3663 643 3717 v11.
661 3665 730 3737 Cap.
747 3615 805 3720 xii.
825 3684 854 3736 p.
868 3667 930 3721 260.
947 3664 970 3718 ii
988 3667 1115 3722 alicuius.

216 3751 253 3779 ·.-
275 3743 389 3781 summo
407 3748 469 3785 curn
486 3735 667 3817 contumelio]
691 3735 834 3788 tibereum
853 3754 874 3787 i.
888 3735 994 3807 Zumpt
1011 3740 1041 3803 ς.
1055 3737 1116 3793 tii„

214 3794 293 3867 vergi·
309 3795 376 3868 cip·
389 3797 447 3855 XV.
461 3819 491 3874 p.
501 3801 564 3861 246.
581 3820 679 3876 magno
695 3821 758 3860 cum
769 3800 873 3861 dolore·
