2310 4154
182 178 188 195 ·
259 114 264 120 ¹
354 140 733 241 ''crouarn
1010 174 1056 244 as

80 344 168 411 rent.
212 334 266 408 lle
281 336 437 410 nunciata
450 342 493 410 ad
507 346 603 424 ¹suos,
625 364 711 430 quae
723 342 980 431 imperarentur,
1002 343 1053 411 io-

63 442 161 495 ὀπο
185 424 356 501 dixerunt.
410 432 596 499 Armorum
623 453 742 515 magna
769 430 983 497 multitudine
999 432 1052 500 do

36 574 42 581 .
85 536 179 583 muro
192 515 383 599 infossam,
405 508 491 609 qirac
509 525 584 583 erat
597 525 674 584 ante
688 516 858 606 oppidum,
880 519 979 598 iacta,
1000 521 1051 587 sic

30 656 32 665 .
60 610 121 669 ‘ut
153 624 262 691 prope
297 627 459 671 summam
491 606 578 671 muri
609 607 807 692 aggerisque
834 604 1049 673 altitudinem

81 691 191 757 acervi
203 710 372 758 armorum
385 693 628 780 adaequarent,
650 699 685 757 et
700 701 810 759 tamen
825 692 960 759 circiter
971 715 1051 781 par·

34 806 39 821 .
80 783 114 843 te
132 778 256 857 tertia,
281 787 321 845 ut
345 789 463 869 postea
483 788 696 867 perspectum
718 787 792 860 cst,
817 782 924 845 celata
947 789 1049 868 atque

81 864 113 931 in
138 863 266 1017 pppido
293 874 426 935 retenta
462 868 570 955 portis
599 867 777 957 patefactis
812 888 852 933 oo
882 864 936 932 dio
966 889 1048 957 paco

80 973 139 1019 sun
178 973 247 1019 usr.
721 968 724 973 '

162 1048 337 1121 XXXIII.
382 1050 453 1120 Sub
468 1076 642 1145 vesperum
655 1055 784 1127 Caesar
803 1058 920 1145 portas
936 1052 1048 1121 claudi

79 1138 276 1231 militesque
296 1162 336 1205 ex
355 1139 478 1228 oppido
499 1145 589 1210 exire
611 1145 732 1221 iussit,
762 1166 804 1211 ne
826 1165 925 1230 quam
946 1149 1046 1208 noctu

80 1228 239 1317 oppidani
251 1226 294 1295 ab
309 1225 474 1296 militibus
488 1232 643 1298 iniuriam
654 1234 854 1323 acciperent..
896 1229 955 1298 Illi
970 1236 1047 1296 ante

48 1360 53 1375 .
80 1315 185 1393 inito,
212 1323 252 1382 ut
269 1315 474 1382 intellectum
495 1326 564 1399 est,
585 1322 743 1400 consilio,
767 1317 857 1407 quod
876 1316 1046 1383 deditione

79 1404 169 1469 locta
190 1408 325 1469 nostros
347 1402 517 1490 praesidia
540 1405 743 1473 deducturos
759 1414 817 1472 aut
838 1403 980 1491 denique
994 1406 1046 1472 in-

80 1488 274 1577 diligentius
293 1494 485 1555 servaturos
500 1489 729 1572 crediderant,
751 1491 874 1578 partim
889 1513 963 1556 cum
979 1492 1044 1571 bis,

78 1598 164 1667 quae
185 1576 393 1645 retinuerant
410 1581 445 1641 et
459 1578 664 1663 celaverant,
684 1578 807 1651 armis,
828 1577 951 1662 partim
967 1596 1044 1641 scu-

79 1668 124 1733 tis
150 1686 194 1731 ex
221 1664 345 1731 cortice
372 1663 472 1729 lactis
493 1669 554 1730 aut
572 1663 751 1731 viminibus
771 1662 927 1743 intextis,
957 1682 1043 1750 qrrae

79 1752 211 1831 subito,
246 1757 286 1817 ut
312 1750 474 1841 temporis
504 1751 669 1836 exiguitas
697 1749 909 1843 postulabat,
944 1748 1043 1838 pelli-

77 1838 142 1907 bus
162 1837 381 1920 induxerant,
412 1839 515 1905 tortia
534 1839 649 1926 vigilia
675 1863 743 1930 qua
756 1839 891 1906 minime
914 1835 1042 1904 arduus

78 1926 285 1997 adnostros
313 1926 512 1994 munitiones
538 1949 698 1997 ascensus
726 1925 905 1997 ridebatur
938 1924 1043 1993 omni-

79 2080 284 2101 Μ

109 2187 180 2257 cop.
195 2183 306 2238 XXXII.
340 2183 440 2266 facere
452 2187 601 2254 dixerunt]
625 2185 743 2244 nimlicb
756 2185 798 2242 bei
812 2184 884 2240 ihrer
897 2181 1042 2240 Riielrlelrr

145 2252 270 2312 eunden
291 2251 396 2325 lhrrgen
417 2255 544 2311 meldeten
560 2256 601 2311 die
614 2256 782 2312 Gesandteu:
806 2257 862 2311 also
876 2255 984 2310 Subiect
997 2253 1040 2306 bei
1072 2306 1081 2319 .

78 2384 81 2389 ,
146 2324 252 2377 Iacere?
276 2350 311 2364 -
349 2327 558 2394 adaequarent]
582 2325 633 2380 wie
645 2344 773 2396 aequare,
794 2324 965 2397 aequiparare
980 2341 1042 2378 con·

144 2388 247 2447 struirt.
269 2390 372 2463 Zumpt·
386 2393 481 2455 §.388.
503 2392 601 2447 schulz
619 2396 699 2457 ΜΒ.
716 2392 766 2445 Nr.
779 2394 804 2448 5.
821 2418 857 2432 -··
895 2393 925 2442 in
938 2393 1041 2457 oppido

79 2482 84 2491 ’
144 2465 267 2524 retenta]
291 2459 371 2531 rergl.
384 2460 465 2514 demit
480 2461 546 2534 Cap.
559 2463 645 2517 XXX.
658 2459 759 2532 oppido
774 2466 830 2512 sese
843 2458 1020 2511 continebant.

109 2530 180 2603 Cap.
193 2526 318 2582 XXXIII.
351 2528 411 2581 Suo
427 2535 585 2599 vesperum]
615 2548 636 2582 s.
655 2529 722 2599 Cap.
739 2528 788 2595 XI.
810 2527 886 2580 letzte
901 2527 984 2580 Aura.
1004 2549 1039 2566 -

145 2600 395 2666 mittesque-ab
418 2601 563 2662 militibus]
597 2596 702 2653 wieder*
716 2596 760 2649 ein
783 2592 899 2665 Beispiel
924 2593 1040 2649 Caesari·

145 2666 222 2721 soher
237 2664 474 2721 Ausliihrlichleit.
501 2669 531 2731 S.
547 2665 606 2721 Lib.
623 2666 645 2720 l.
670 2666 737 2737 Cap.
754 2664 812 2718 XL.
835 2667 917 2718 Anm.
935 2666 959 2717 1.
985 2661 1040 2715 und

94 2756 98 2761 ·
146 2738 212 2807 Cap.
227 2732 322 2789 XLIX.
346 2734 428 2787 bum.
444 2736 472 2792 3.
503 2738 545 2788 Zu
561 2737 594 2789 ab
609 2734 741 2788 militibus
758 2752 803 2785 rer
820 2731 838 2789 l.
856 2733 924 2804 Cap.
940 2730 1039 2786 XXXI.

143 2804 268 2856 vorletzte
280 2804 361 2869 anm,
377 2828 413 2845 -··
445 2814 496 2856 aut
503 2806 634 2875 denique]
650 2823 697 2857 um
705 2752 1000 2872 andereiirwartungen
1008 2816 1043 2852 zu
1097 2802 1117 2815 “

122 2880 129 2889 ’
143 2870 301 2943 tibergehen,
316 2871 382 2924 diesi
394 2891 451 2925 rrar
463 2871 505 2926 die
517 2871 594 2927 letzte
605 2873 660 2925 und
668 2871 815 2944 niedrigste.
833 2875 935 2939 Zumpt
947 2874 972 2932 §.
980 2870 1040 2922 727.

146 2940 244 2997 Subula
261 2945 287 3007 ᾗ.
296 2942 420 2997 101..Nr.
437 2944 463 3000 6,
481 2942 507 2997 5.
525 2969 559 2984 -
591 2942 795 3014 indiligentius]
815 2940 853 2995 als
866 2941 921 2992 -i
939 2937 967 2991 S.
980 2935 1040 2987 Lib·

143 3010 167 3063 I.
190 3010 257 3082 Cs'p.
273 3009 333 3063 XV.
350 3010 431 3065 Anm.
444 3006 470 3065 4·
489 3026 523 3063 au
540 3008 674 3079 cupidius.
697 3036 734 3052 -·
769 3011 948 3069 servaturos}
970 3003 1041 3055 ohne

145 3078 242 3133 Obiect
254 3078 282 3131 in
296 3077 343 3131 der
355 3078 526 3150 Bedeutung:
542 3077 612 3131 tht
625 3076 726 3144 bahem
747 3077 802 3133 also
813 3080 864 3131 wie
877 3070 1039 3146 gebraucbt?

144 3176 181 3190 -
213 3166 276 3201 cum
289 3149 344 3211 bis]
368 3147 406 3201 sie
420 3147 479 3201 sind
493 3166 540 3200 aus
553 3145 613 3200 dem
621 3146 696 3202 Ende
711 3147 756 3201 deo
768 3143 880 3201 XXXII.
889 3142 954 3212 Cap.
967 3140 1038 3194 noclr

143 3215 331 3338 ababli
350 3208 1040 3357 ³..:ab‘aa{ababinebrianti.
1109 3268 1121 3302 ‘-

142 3354 218 3407 the
237 3353 284 3406 der
304 3352 423 3406 Ablatire
441 3353 637 3409 verschiedener
650 3352 801 3419 Bezielrung
814 3345 903 3402 mocht
915 3366 958 3408 es,
980 3344 1040 3400 dass

48 3430 66 3481 ,“
143 3422 246 3475 intextis
260 3419 333 3474 nicht
346 3421 394 3475 suf
406 3424 488 3478 scutis
498 3422 613 3493 bezogen
626 3417 808 3478 werdendari
822 3419 854 3483 (s.
869 3415 927 3470 Lib.
935 3415 958 3469 I.
972 3414 1039 3488 Cap.

144 3491 179 3543 X.
205 3489 449 3557 valenterium),
477 3490 593 3545 sandoro
611 3491 653 3545 die
670 3487 823 3556 Bedeutung
844 3504 897 3538 ron
920 3487 1040 3543 intexere.

144 3558 191 3611 das
210 3558 283 3610 nicht
301 3557 385 3629 gleieh
399 3558 456 3613 sein
469 3558 541 3614 lana
555 3560 604 3612 mit
618 3569 760 3613 contexere.
791 3556 901 3609 Sueton.
917 3555 980 3608 Ner.
996 3554 1040 3608 50.

30 3638 33 3649 '
144 3625 258 3697 stragula
271 3626 328 3679 alba
342 3646 407 3681 auro
420 3625 514 3683 intexta
526 3627 628 3681 heleseu
641 3623 749 3679 Declren
762 3623 790 3676 in
805 3624 875 3677 Gold
888 3621 1043 3692 eingewirkt

144 3695 407 3768 (piquanteWendu
442 3736 449 3762 ,
465 3695 594 3753 wodurcb
608 3694 650 3747 die
664 3693 742 3748 ruite
755 3691 799 3746 des
813 3691 912 3748 Goldes
925 3687 1043 3743 hemeri-

143 3766 224 3819 barer
234 3764 353 3834 gemacht
366 3708 452 3834 wia.
464 3799 501 3810 -
532 3765 636 3832 uigilia,
652 3768 721 3834 qua]
740 3782 802 3816 man
815 3760 961 3817 construite
970 3755 1043 3835 nicht

145 3844 213 3897 etna
225 3851 279 3909 quo
292 3832 330 3889 ala
343 3834 494 3893 aelnotum
508 3853 542 3891 ou
556 3831 702 3906 vigilien!
715 3831 752 3889 ist
763 3829 926 3891 Adra-biom
940 3826 1000 3880 ¹⁰⁰¹·
