2310 4154
60 200 63 205 .
119 134 187 203 atto
324 121 397 193 DE
425 118 608 193 13be0
637 120 891 194 anuulco

127 303 275 410 bostium
305 297 446 403 oonicpt.
477 294 592 403 ¹iliaca
619 298 766 386 imporat
792 298 883 403 rullo
906 282 1036 403 pedum
1053 294 1108 405 pr

43 428 47 433 ’
130 411 272 551 tellit
286 386 1112 563 llllllll‚blllsslul‘lltllzttlli

133 590 213 637 num
230 564 351 632 denum
371 560 538 628 lateribus
558 560 700 629 directis
722 561 886 649 deprimi,
906 564 1022 630 turris
1042 586 1112 631 orc-

127 660 214 726 bras
234 652 376 721 excitari
399 652 436 716 in
456 649 668 717 altitudinem
691 672 730 716 ιιι
751 650 1004 732 tabulatorum,
1034 672 1115 741 pon-

127 746 230 813 tibus
258 738 452 808 nausiantis
478 741 731 825 ¹constratisque
757 737 939 822 coniungi,
972 760 1115 827 quorum

136 836 267 901 frontes
288 827 434 895 viminea
461 826 605 892 loricula
632 826 861 905 munirentur,
897 834 939 905 ut
963 827 1117 893 bostisa

138 919 269 1009 duplici
288 916 381 983 iussa
402 914 532 1000 duplici
553 919 838 1003 propugnatorum
860 911 985 982 ordine
998 914 1119 981 deleu-

141 1010 296 1079 dcretur:
322 1023 465 1091 quorum
483 1003 570 1067 alter
588 1024 627 1066 ox
651 1000 810 1085 pontibus
831 1018 898 1086 quo
915 1002 1033 1069 tutior
1047 1003 1119 1068 alti·

56 1172 59 1179 ,
129 1094 259 1165 :tuliae
279 1098 390 1171 esset,
411 1090 473 1153 boo
494 1088 655 1154 caldarius
673 1082 874 1173 longiusque
890 1089 961 1154 tela
983 1090 1119 1178 permit-

139 1174 263 1267 iarat3·
273 1180 378 1257 alter,
399 1177 459 1263 qni
475 1180 613 1263 propior
625 1177 755 1241 bostem
769 1176 894 1260 inipso
907 1177 1006 1243 vallo
1020 1178 1118 1245 colla

141 1266 239 1339 catus
261 1269 370 1342 esset,
422 1270 498 1328 onte
519 1264 562 1328 ab
583 1262 810 1329 incidentibus
829 1262 910 1329 telis
935 1272 1118 1352 tegeretur.

140 1355 259 1427 Portis
272 1352 364 1418 iores
381 1284 588 1445 adtloresque
606 1355 720 1416 turres
735 1349 912 1437 imposuit.

226 1468 276 1539 X.
318 1456 440 1536 'Huius
468 1467 663 1534 munitionis
684 1465 808 1554 duplos
834 1467 1121 1555 eratlconsilimu.

141 1558 302 1644 Namque
320 1566 355 1623 et
370 1577 509 1643 operum
526 1552 788 1641 magnitudinem
800 1560 837 1619 ct
850 1554 1013 1623 timorem
1028 1576 1120 1622 suum

144 1649 305 1807 tlttl
319 1641 888 1817 llllltllllltllllllt
907 1649 1122 1817 {lulli

108 1858 113 1865 ·
145 1824 245 1902 dum,
272 1818 388 1909 parvis
414 1818 523 1906 copiis
545 1814 864 1882 castramunitione
887 1816 973 1905 ipsa¹
990 1817 1121 1887 videbat

145 1929 250 2005 posse
279 1902 426 1977 delendi.
473 1902 615 1971 Interim
647 1902 767 1969 crebro
801 1905 919 1993 paucis
952 1908 1121 1995 utrimque

146 1993 427 2091 procurrentibus
448 1992 539 2059 inter
561 1992 642 2057 bina
662 2000 785 2058 castra·
823 1991 923 2057 elude
945 1993 1121 2061 interiecta

132 2082 433 2163 ¹contendebatur,
456 2102 557 2167 quam
578 2086 689 2145 tamen
711 2014 869 2166 paludem
886 2100 1120 2170 nonnunquam

76 2210 80 2219 ·
148 2182 210 2243 aut
224 2179 341 2238 nostra
354 2169 479 2233 auxilia
496 2167 671 2233 Gallorum
688 2166 1003 2257 Germanorumque
1017 2178 1121 2239 ἱιιιιιι-

134 2256 246 2341 'ibant
274 2255 452 2340 acriusque
479 2254 596 2318 hostes
623 2252 904 2339 insequebantur,
939 2264 1006 2323 aut
1027 2258 1121 2325 vicis·

150 2344 216 2413 cim
232 2343 349 2410 bootes
368 2339 507 2431 candem
522 2341 728 2425 transgressi
743 2350 878 2408 nostros
893 2344 1035 2431 longius
1048 2342 1122 2427 sub

151 2430 342 2503 movebant.
395 2427 587 2497 Accidebat
614 2435 726 2493 autam
755 2429 964 2517 quotidianis
986 2433 1122 2523 pabula·

151 2520 322 2600 tionibus,
342 2513 378 2582 id
398 2514 489 2605 quod
510 2512 661 2582 accidere
680 2521 755 2582 erat
769 2526 924 2599 necesso,
944 2542 1026 2585 cum
1039 2516 1123 2588 raris

152 2606 375 2694 disiectisque
390 2628 430 2670 ex
444 2600 607 2669 aediliciis
619 2604 778 2692 pabulum
792 2606 1072 2693 conquireretur,
1088 2612 1125 2673 ut

152 2692 327 2785 irnpeditis
345 2692 431 2758 locis
451 2688 598 2781 dispersi
612 2692 830 2780 pabulatores
846 2696 1124 2765 circumveniren-

153 2791 232 2865 tur3
254 2802 340 2867 quae
361 2802 417 2845 res
438 2781 504 2845 etsi
525 2778 691 2846 mediocre
708 2777 944 2847 detrimentum
959 2784 1124 2851 iumento

155 2893 232 2939 rum
253 2892 292 2933 ao
317 2888 489 2933 serrorum
511 2868 637 2933 nostris
661 2864 841 2950 afferebat,
862 2876 977 2936 tamen
997 2876 1126 2941 stultas

135 2955 376 3043 'cogitationes
397 2954 561 3020 incitabat
577 2955 815 3036 barbarorum,
834 2963 937 3045 atque
951 2980 993 3025 oo
1009 2958 1127 3047 magis,

155 3042 248 3135 quod
259 3041 450 3123 Commius,
472 3063 570 3129 quem
585 3044 773 3132 proiectum
787 3041 830 3109 ad
843 3046 969 3112 auxilia
985 3046 1128 3115 Germa-

154 3153 275 3203 norum
305 3130 505 3197 arcessenda
529 3129 648 3213 docui,
678 3153 752 3196 oum
780 3132 950 3219 equitibus
975 3142 1127 3213 venerat,

154 3222 217 3309 qui
229 3226 340 3287 tamen
356 3218 420 3284 etsi
435 3238 572 3287 numero
586 3241 651 3285 nou
670 3219 814 3305 amplius
828 3228 925 3287 eraut
937 3222 1128 3375 quingenti,

156 3319 268 3377 tamen
283 3308 527 3374 Germanorum
549 3304 693 3374 adventu
709 3306 847 3374 barbari
863 3309 941 3375 infla
967 3318 1087 3381 autur.

240 3422 308 3492 XI.
352 3423 479 3493 Caesar
501 3445 574 3489 oum
597 3424 741 3491 animum
763 3424 970 3509 adverteret,
991 3430 1126 3499 hostem

155 3513 346 3599 complures
369 3510 441 3577 dies
465 3513 588 3579 castris
608 3511 732 3601 palude
749 3524 784 3581 ot
796 3516 863 3583 loci
877 3517 1128 3585 naturamuni·

66 3678 70 3685 .
154 3598 202 3663 tis
225 3619 263 3664 so
284 3608 416 3681 tenere,
444 3622 554 3688 noque
575 3604 760 3689 oppugnari
781 3610 892 3670 castra
913 3626 1033 3671 eorum
1053 3606 1128 3673 siue

155 3683 369 3753 dimicatione
407 3688 597 3777 perniciosa
633 3710 693 3757 uec
732 3690 843 3757 locun
881 3693 1128 3761 munitionibus

147 3771 265 3845 claudi
291 3774 360 3847 uisi
391 3798 411 3845 a
439 3777 567 3845 maiore
593 3776 747 3845 exercitu
764 3801 891 3863 posse,
919 3781 1058 3869 litteras
1083 3779 1127 3849 ad
