2310 4154
16 192 19 198 Α
89 90 96 117 ”
124 159 193 231 254
314 121 407 224 'ou
430 104 614 224 nuceo
644 149 903 227 caturco..
946 174 955 209 ι

125 326 286 399 instituto
300 325 459 398 Caesaris
475 325 562 394 duas
579 348 713 414 semper
725 327 878 415 legiones·
890 332 1101 419 prorostris

126 417 333 484 excubabant
354 418 536 504 pluresque
554 416 691 505 partitis
714 417 923 508 temporibus
941 418 1042 488 erant
1060 424 1098 490 in

16 536 22 549 r
127 523 247 593 opere,
267 506 424 570 celeriter
436 504 561 570 lactum
577 509 647 584 est,
666 511 706 569 ut
718 506 779 570 alii
792 506 1028 594 eruptionibus
1042 532 1100 577 re-

59 622 63 629 ’
128 597 309 672 sisterent,
344 593 404 657 alii
435 599 547 657 turres
570 589 768 658 reducerent
795 598 1099 682 aggeremquein.

66 694 69 711 ¹
126 679 388 760 tersoinderent,
413 679 521 745 omnis
542 700 622 745 vero
643 701 682 745 ex
701 683 825 748 castris
845 683 1030 753 multitudo
1052 686 1097 754 ad

80 797 83 804 ·
126 767 401 852 restinguendum
419 772 660 845 concurreret.-

212 852 330 922 XXV.
381 852 467 922 Cum
487 854 521 920 in
536 853 690 920 omnibus
711 852 795 918 locis
812 862 1011 944 consumpta
1026 857 1096 929 iam

100 973 102 977 ·
124 943 258 1031 reliqua
281 948 379 1032 parto
404 943 514 1007 noctis
536 945 748 1029 pugnaretur
768 963 965 1030 semperque
988 945 1099 1012 bosti-

126 1033 192 1098 bus
206 1052 290 1118 spes
303 1028 464 1096 victoriae
476 1027 839 1112 redintegraremr,.eo
856 1031 980 1115 magis,
1003 1030 1097 1120 quod

125 1118 420 1205 deustos-'pluteos
442 1116 587 1183 turrium
610 1113 769 1181 videbant
795 1138 855 1182 nec
878 1119 977 1189 facile
999 1119 1097 1188 adire

105 1276 108 1282 ,
126 1215 263 1294 apertos
283 1203 326 1269 ad
342 1202 568 1268 auxiliandum
590 1203 735 1267 animum
753 1201 986 1284 advertebant3
1007 1229 1096 1274 sem-

125 1313 252 1382 perque
277 1290 346 1376 ipsi
369 1297 522 1357 recentes
541 1288 685 1361 defessis
708 1291 925 1358 succederent
946 1314 1105 1361 omnem-1

61 1369 66 1395 '
124 1401 191 1468 quo
207 1378 339 1446 Galliae
358 1381 502 1445 salutem
521 1377 557 1442 in
576 1378 637 1443 illo
656 1378 799 1463 vestigio
819 1381 982 1467 temporis
1000 1384 1096 1470 posi·

125 1475 197 1534 tam¹
226 1465 492 1571 arbitrarentur?
534 1463 658 1530 accidit
685 1466 951 1553 inspectantibus
982 1469 1095 1554 nobis,

124 1553 216 1644 quod
231 1553 366 1639 dignum
380 1551 539 1619 memoria
559 1553 664 1619 visum
679 1554 1013 1641 praetermittendum
1027 1580 1107 1639 uon·

124 1642 400 1711 existimavimus.
428 1640 576 1728 Quidam
592 1647 670 1707 aute
683 1649 815 1727 portam
829 1641 945 1730 oppidi
958 1643 1094 1730 Gallus,

125 1731 186 1819 qui
215 1750 276 1818 per
306 1749 422 1798 manus
451 1727 524 1794 sevi
551 1749 591 1793 ao
620 1728 706 1815 picis
734 1728 879 1811 traditas
906 1730 1026 1815 glebas
1056 1735 1094 1802 iu
1125 1750 1128 1757 '

66 1897 68 1905 y
125 1822 235 1906 ignem
251 1837 270 1881 e
284 1816 420 1901 regione
432 1814 769 1904 turrieproiioiebat,
789 1816 965 1904 scorpione
980 1819 1023 1885 ab
1040 1821 1094 1887 la·

124 1915 197 1974 tore
236 1901 354 1970 dextro
385 1903 589 1969 transiectus
624 1903 897 1991 exanimatusque
934 1906 1094 1979 concidit.

123 1992 224 2062 Hunc
244 2012 284 2057 ex
302 1989 474 2081 proxumis
492 2012 580 2055 unus
602 1988 761 2057 iacentem
781 1997 1018 2077 transgressus
1034 2017 1093 2063 so·

124 2082 201 2167 dem
227 2080 288 2145 illo
317 2097 452 2145 munere
480 2074 699 2164 fungebatur-3
728 2077 843 2144 eadem
867 2081 999 2148 ratione
1019 2084 1099 2151 ietu'

70 2168 81 2209 ’·
124 2166 312 2255 scorpionis
342 2164 529 2231 exanimato
562 2165 671 2230 altero
704 2167 869 2234 successit
901 2170 1025 2237 tertius
1055 2180 1094 2240 et

125 2255 228 2324 tertio
249 2260 409 2340 quartus3
436 2272 497 2317 neo
544 2250 616 2317 rius
637 2251 697 2318 ifle
717 2261 772 2320 est
791 2275 811 2318 a
831 2259 1095 2343 propugnatori-

123 2343 189 2410 bus
212 2361 335 2408 raeuus
357 2340 496 2409 relictus
517 2272 633 2419 Locus,
658 2361 758 2427 quam
780 2342 944 2410 restincto
967 2367 1092 2433 aggere

125 2438 235 2581 atqup¹
248 2426 336 2581 opuni
360 2433 459 2518 parto
484 2426 651 2494 submotis
672 2427 827 2498 hostibus
852 2431 931 2498 finis
952 2439 1008 2500 est
1027 2456 1092 2523 pu-

84 2529 90 2539 '
148 2540 211 2585 nan
237 2517 386 2584 iactus.
659 2576 662 2582 Α
753 2540 756 2546 ’
946 2558 949 2563 -
1017 2522 1066 2585 ’.

124 2541 147 2608 g
211 2600 346 2675 xxvi.
388 2599 512 2668 Omnia
531 2599 661 2688 experti
676 2598 785 2683 Galli,
808 2601 899 2690 quod
918 2626 973 2672 res
994 2609 1092 2677 nulla

125 2697 353 2770 successerat,
375 2696 511 2779 postero
534 2687 588 2755 die
603 2689 778 2755 consilium
797 2699 958 2779 ceperunt
972 2715 1013 2760 ox
1029 2719 1093 2786 op-

60 2805 77 2843 ⁹
122 2775 1093 2952 lllslltttt.l⁰tlltlllllltlt‘llsssltltl

124 3050 328 3073 unu-¹*

101 3106 110 3143 p
617 3112 620 3117 .

156 3157 224 3228 Cap.
235 3152 334 3218 XXIV.
369 3167 555 3219 aggeremque
567 3151 821 3219 intersoirnlerenl]¹
830 3171 891 3206 man
905 3162 1029 3209 erwartet
1042 3156 1089 3212 das

189 3226 234 3279 alii
250 3221 403 3277 wiederbolt
416 3219 557 3283 zusebeu,
575 3219 654 3288 vergi.
670 3219 729 3272 Lib.
745 3221 768 3275 l.
783 3221 849 3292 Cap.
865 3220 938 3277 Vlll.
956 3242 984 3295 p.
1000 3226 1043 3280 16.

35 3319 37 3323 ·
156 3294 193 3348 Ca
217 3331 222 3342 .
236 3291 321 3346 XXV.
351 3309 406 3360 per
415 3291 533 3359 manus]
549 3306 597 3358 per
611 3288 646 3345 ist
659 3287 776 3342 dasselbe
789 3290 841 3344 wie
853 3288 881 3343 in
896 3287 960 3362 Cap.
977 3293 1038 3350 XX.
1057 3313 1088 3376 p.

30 3380 36 3387 ‘
122 3410 125 3421 .
188 3315 249 3418 350.
264 3360 561 3434 perproditionem.-
586 3360 690 3422 altero]
706 3355 775 3410 lanu
787 3355 856 3412 dieas
868 3359 936 3413 auch
952 3359 1087 3416 dei-Daui

122 3424 128 3445 '
188 3431 267 3482 sein?
301 3429 357 3483 Der
377 3430 458 3487 Form
478 3425 548 3479 n‘aeb
566 3445 588 3479 s.
607 3426 708 3497 Zumpt
723 3430 749 3492 §.
765 3426 825 3483 140.
860 3425 949 3500 Vergl.
971 3429 1033 3485 Lib.
1051 3431 1086 3486 V.

189 3497 256 3567 Cap.
270 3498 383 3550 XXVII.
401 3496 503 3568 p.178.
521 3497 625 3548 alterae.

45 3625 48 3631 .
153 3568 219 3638 Cap.
238 3565 337 3617 XXVI.
375 3568 542 3637 profugere]
568 3584 623 3618 was
642 3565 742 3617 miisste
761 3561 900 3635 eigentlicb
922 3561 1034 3618 slebeu?
1063 3585 1086 3620 s.

186 3639 289 3704 Zumpt
312 3638 337 3697 §.
358 3635 417 3690 659.
447 3633 545 3688 Scbulz
568 3636 593 3698 §.
610 3635 654 3690 98.
679 3631 726 3684 Nc.
746 3635 771 3687 6.
795 3633 873 3704 vergi.
896 3631 946 3687 den
968 3633 1022 3691 lnf.
1041 3635 1087 3701 bei

202 3715 295 3760 aratur
307 3701 366 3754 Lib.
381 3703 403 3754 Ι.
427 3700 492 3787 Cap.
508 3702 604 3756 XLlll.
622 3722 650 3774 p.
664 3702 708 3756 45.
724 3699 784 3755 Lib.
799 3699 833 3754 11.
852 3699 918 3772 Cap.
930 3701 980 3755 111.
997 3722 1025 3774 p.
1038 3705 1086 3762 ⁵9.

105 3782 108 3789 '
134 3814 137 3819 -
172 3725 222 3831 bb?
236 3773 424 3838 assuefacere,
446 3772 508 3832 Lib.
525 3772 577 3832 w.
601 3769 725 3846 capu.
740 3773 849 3840 p.tto.
876 3768 997 3851 mavi.
1017 3770 1086 3847 Cap.

164 3845 275 3905 xriv.
293 3866 324 3922 p.
340 3847 408 3904 aee.
