2310 4154
78 162 125 234 sc
286 159 358 255 nn
387 156 578 243 nunno
603 154 853 227 unnsico
935 257 940 285 Ι

82 335 147 419 hus
159 333 268 422 copiis
279 333 486 424 repentinum
494 353 534 399 cx
542 328 666 438 oppido
674 328 1059 420 eruptionemlccerunt.

84 421 267 505 Goloriter,
286 430 413 497 utente
429 419 769 510 Caesarimperurnt,
798 417 933 504 ignibus
953 417 1058 503 signi-

17 522 21 527 '
82 509 239 581 ficationc
258 512 411 577 facta-cx
429 508 590 598 proximis
614 507 768 573 castellis
793 529 833 573 co
858 527 1061 577 concursum

8 608 12 628 ¹
85 600 140 662 cst
159 604 409 685 pugnatumque
429 597 470 662 ab
491 594 645 662 hostibus
659 596 708 659 its
723 592 865 674 acriter,
886 601 926 659 ut
943 615 964 657 a
976 591 1079 659 viris

1 696 14 725 ³
83 682 231 755 lontibus
254 685 290 757 in
305 692 453 755 extremo
475 705 535 770 spe
554 678 695 763 salutis,
722 681 837 768 iniquo
859 682 956 759 loco,
981 703 1062 747 con-

85 776 142 841 tra
155 792 232 850 eos,
260 774 319 860 qui
335 794 375 839 ex
387 773 477 839 vallo
492 770 709 856 turribusque
725 770 794 834 tela
810 770 975 844 iacerent,
998 790 1062 855 pu-

85 859 183 942 gnari
204 857 339 942 debuit,
361 859 485 924 cumin
499 880 563 924 nna
578 858 703 922 virtute
721 856 828 923 omnis
842 877 920 942 spes
936 854 1061 922 salutis

82 946 297 1030 consisteret.
341 945 475 1012 Occisis
498 944 541 1010 ad
561 945 728 1020 hominum
754 942 891 1008 milibus
914 950 1061 1028 quatuor

53 1081 57 1096 .
86 1033 210 1119 reliqui
225 1035 260 1100 in
274 1033 433 1123 oppidum
449 1031 566 1099 reiecti
580 1040 671 1099 sunt.
713 1029 884 1099 Postridie
898 1035 971 1097 eius
992 1029 1061 1095 diei

44 1196 48 1201 ,
87 1120 245 1195 refractis
265 1121 393 1224 portis,
421 1142 496 1186 cum
516 1120 583 1183 ism
605 1116 798 1185 defenderet
817 1139 929 1197 nemo,
958 1122 1061 1205 atquc

23 1258 28 1269 ,
88 1204 296 1273 intromissis
319 1209 484 1293 militibus
503 1206 632 1273 nostris
654 1206 833 1271 sectionem
857 1208 928 1270 eius
945 1203 1062 1292 oppidi

88 1293 277 1367 universam
295 1291 422 1363 Caesar
441 1292 601 1378 vendidit.
645 1292 704 1358 Ah
725 1293 796 1372 his,
824 1291 882 1378 qui
900 1298 1063 1374 emerant,

89 1379 236 1467 capitum
250 1403 408 1449 numerus
424 1380 467 1449 ad
481 1402 554 1446 eum
573 1381 701 1445 relatus
717 1385 770 1445 est
786 1380 912 1445 milium
930 1400 1005 1446 ιιιι.

99 1538 123 1547 ,,
177 1466 349 1537 XXXIV.
392 1466 520 1534 Eodem
535 1471 720 1555 tempores
741 1465 780 1534 P.
794 1465 938 1545 Crasso,
960 1486 1061 1553 quem

29 1621 31 1624 ι
91 1573 165 1621 cum
178 1555 309 1640 legione
323 1576 387 1620 unc
407 1557 547 1622 miserat
560 1552 604 1619 nd
618 1553 784 1634 Venetos,
804 1551 958 1632 Unellos,
981 1553 1064 1618 Osi·

36 1642 42 1657 ‘
91 1641 217 1718 surico,⁵
231 1641 466 1723 Coriosolitas,
488 1641 659 1720 Sesuvios,
677 1636 857 1721 Aulercos',
871 1639 1062 1721 Riedones,

92 1750 178 1815 quae
203 1737 283 1794 sunt
310 1730 507 1799 maritumae
529 1728 683 1807 civitates
701 1727 937 1814 Oceanumque
958 1727 1063 1793 attin-

92 1823 194 1899 gunt,
219 1815 345 1881 certior
363 1816 473 1881 factus
496 1818 551 1879 est
572 1835 685 1881 omnes
706 1834 763 1881 ecs
785 1815 938 1880 civitates
957 1807 992 1881 in
1009 1812 1062 1880 di-

93 1903 215 1977 tionem
254 1909 496 1991 otestctemque
511 1897 635 1991 Populi
647 1900 790 1973 Romani
804 1924 878 1967 esse
892 1900 1080 1976 redactas.

176 1987 213 2054 X
240 1988 330 2063 XV.
372 1990 438 2057 His
457 1986 558 2054 rebus
580 1988 685 2072 gestis
707 1987 926 2065 omniflallia
942 1995 1062 2078 pacata

93 2080 186 2141 tanto
201 2077 300 2141 liuius
316 2077 398 2143 belli
413 2075 455 2141 cd
469 2074 629 2139 barbaros
644 2075 756 2162 opinio
772 2080 903 2165 perlata
916 2085 988 2156 est,
1010 2078 1064 2144 uti

93 2162 208 2228 abhis
231 2163 443 2244 notionibus,
471 2183 557 2249 quae
579 2171 674 2231 trans
695 2163 847 2231 Rhenum
866 2166 1063 2249 incolerent,

90 2301 293 2317 ...au—-

128 2385 195 2455 Cap.
208 2366 337 2445 XXXIII.
349 2413 352 2417 «
364 2387 593 2456 magnatumque]
617 2403 670 2457 quc
683 2384 780 2449 wieder
789 2384 991 2447 Verseh'iedenes
1004 2384 1063 2444 ver·-

160 2451 294 2517 bindend,
315 2471 359 2506 wo
378 2472 441 2513 inan
460 2453 519 2519 sed,
541 2465 631 2511 autem
646 2465 790 2509 erwartete.
815 2455 843 2510 S.
859 2456 926 2529 Cap.
939 2457 1011 2513 XXI.
1027 2478 1062 2513 zu
1093 2472 1098 2483 ’

160 2520 342 2604 hostiumque.
365 2549 401 2564 ·-
440 2524 474 2575 in.
484 2531 614 2581 extrema
624 2539 673 2591 spe
685 2526 798 2590 salutis]
827 2543 848 2578 s.
864 2525 930 2597 Gap.
945 2524 1061 2581 XXVII.
1085 2569 1101 2594 «Α

60 2637 64 2645 ’
160 2593 779 2745 IIduJXuIiXeIadIIea'IIVerXiXII'sXIieImISXum-pt
796 2598 1062 2732 gdtgngcIIIiIIInd.

162 2728 220 2780 102.
247 2727 296 2782 Νι.
318 2731 347 2786 1,
371 2730 395 2780 1.
419 2757 453 2770 -
492 2727 631 2787 Postridie
648 2731 707 2783 eius
724 2733 794 2802 diez]
826 2751 847 2783 s.
865 2733 926 2787 Lib.
946 2734 967 2787 Ι.
993 2736 1060 2804 Cap.

161 2793 263 2847 XXIII.
287 2796 367 2847 Anm.
385 2798 409 2848 1.
434 2819 477 2851 ·-,
509 2797 672 2862 defenderet
684 2803 777 2868 nemo]
804 2798 869 2852 ilber
883 2801 926 2853 die
938 2801 1061 2872 Stellnng

161 2880 183 2916 s.
196 2861 256 2913 Lib.
270 2861 292 2912 1.
312 2862 380 2932 Cap.
399 2861 457 2915 VII.
476 2883 503 2936 p.
517 2867 543 2920 7.
561 2885 595 2921 ιιι
608 2866 735 2921 haberent
747 2864 863 2921 nullum.
893 2872 948 2923 Das
963 2868 1061 2926 Obiect

162 2947 197 2981 zu
212 2927 380 2991 detenderet?

127 2995 332 3069 CanXXIV.
372 2997 553 3072 adVenetos]
569 3021 590 3056 s.
600 3003 665 3071 Cap.
674 3001 696 3054 l.
708 3018 741 3057 zu
749 2998 782 3055 ad
790 3019 842 3054 eos.
856 3031 889 3044 -·-
912 3015 1063 3072 quaesunt

159 3066 337 3139 -ciuitateq
353 3085 376 3117 s.
386 3066 446 3120 Lib.
453 3068 475 3127 I·
490 3068 557 3140 Cap.
567 3066 719 3123 XXXVIII.
735 3089 769 3121 zu
783 3068 854 3140 quod
867 3079 907 3122 est
918 3073 1062 3144 oppidum.

126 3136 165 3193 Ca
187 3173 193 3187 .
208 3133 318 3189 XXXV.
351 3134 408 3188 His
419 3139 503 3190 rebus
515 3140 600 3206 gestis
607 3144 764 3206 epotata]
783 3138 849 3191 iiber
864 3138 905 3191 die
918 3136 1062 3214 doppeltcn

160 3156 282 3259 Xlslatiw
294 3223 316 3257 s.
325 3199 391 3275 Cap.
400 3205 500 3265 XXVI.
512 3226 547 3260 zu
556 3207 658 3279 proelio
669 3205 796 3263 nunciato
804 3209 1014 3267 cursu-incitato.
1028 3239 1061 3253 -

158 3275 244 3326 huius
256 3274 324 3326 detti
333 3272 438 3353 optiliu]
456 3293 510 3326 was
524 3274 623 3329 lurein
636 3262 763 3327 Genius?
787 3275 815 3328 S.
833 3274 900 3348 Gap.
912 3278 1011 3334 XXIV.
1024 3298 1061 3333 nn

181 3342 433 3395 uorum-nunus
441 3341 543 3411 opinio.
559 3371 594 3385 -
615 3326 782 3412 duodenne]
799 3362 864 3416 ganz
877 3336 960 3402 Ialsch
973 3348 1007 3401 ist
1019 3349 1062 3403 die

89 3452 93 3459 .
187 3408 333 3481 orstellung
347 3410 446 3481 einiger
458 3408 661 3477 Grammaiiber,
677 3410 777 3467 welche
791 3413 898 3469 relative
910 3418 1062 3473 Zwischen·

159 3481 230 3555 s’a‘tze
241 3476 279 3529 im
288 3477 458 3542 coniunctio,
472 3477 518 3538 dit
528 3477 661 3535 dui-chaus
673 3489 753 3535 etwas
761 3479 891 3539 Gewisses
899 3504 1062 3570 suszusapen

151 3542 298 3624 schemen,
320 3547 351 3599 in
369 3547 411 3600 dic
426 3547 616 3603 construction
629 3548 675 3602 de's
688 3547 860 3622 Hauptsntzes
877 3553 1061 3611 willliilrrhcli

159 3613 248 3666 hinem
267 3630 363 3684 ezogen
385 3612 497 3678 denien-
530 3616 588 3671 Der'
604 3619 765 3674 Coniunctiv
782 3621 879 3677 beruht
896 3624 992 3679 immer
1014 3626 1067 3678 aul*

159 3681 232 3733 einer
265 3683 421 3756 orstellung,
440 3686 483 3738 die
495 3683 553 3749 bier
565 3685 594 3741 in
609 3685 716 3742 caesare
729 3687 803 3744 Seele
815 3710 877 3747 sum
891 3692 1001 3747 Grunde
1014 3694 1062 3746 der

159 3748 384 3832 Verwunderung
407 3753 485 3809 vird.
518 3756 621 3830 Zumpt
638 3752 744 3824 §555⁸
774 3758 865 3821 Ueber
878 3752 924 3816 da's
940 3761 1062 3816 absolute

55 3844 57 3853 =
158 3817 277 3879 incolere
292 3837 314 3878 t·
329 3818 395 3896 cap.
408 3822 460 3881 111.
850 3886 853 3897 ,
