2310 4154
165 114 234 189 32⁰
367 108 439 179 DE
468 104 654 179 BELLO
681 106 937 183 eunuco

162 310 239 361 eum
252 285 371 354 labore
386 290 423 352 et
436 278 593 351 eontinua
610 282 834 355 dimleatlone.
857 285 1034 377 Oppidani
1050 295 1137 364 enim

114 372 117 379 ’
162 381 237 446 loeo
250 376 423 464 superiore
433 372 648 438 decurrentes
657 374 786 437 eminus
796 374 867 440 sine
877 376 1030 465 periculo
1039 402 1139 469 pros.

161 466 335 539 liabentur
347 464 539 555 multpsque
553 459 771 549 pertinaeitar
786 462 1005 533 sueeedentes
1021 472 1139 537 vulne-

161 553 296 632 rabant,
307 559 348 618 nt
359 558 470 616 tamen
482 570 547 613 non
562 545 814 613 deterrerentur
823 551 950 618 milites
962 558 1076 621 uestri
1089 559 1137 625 vi.

69 662 73 673 ·
143 663 243 707 -neas
262 640 415 729 proferre
429 643 531 723 atque
544 634 702 721 operibus
721 637 872 702 loeorum
889 640 1023 708 vincare
1045 643 1137 711 diffi-

160 731 322 795 eultates.
357 723 483 791 Eodem
499 730 649 810 ternpore
663 729 770 789 teotoa
785 724 959 793 eunieulos
971 730 1015 793 ab
1028 732 1135 800 vineis

162 822 275 903 agunt·
288 813 332 881 ad
351 819 452 902 eaput
473 810 596 888 fontis,
618 808 708 895 quod
723 830 828 895 genua
845 814 959 899 operis
971 819 1046 883 sine
1061 822 1134 887 ullo

144 940 147 945 ·
185 903 313 970 erieulo
335 909 371 967 et
394 902 468 968 siue
490 896 680 986 suspicione
702 896 849 963 bostium
866 901 979 968 lacere
993 905 1133 979 lioebat.

143 926 359 1077 ‚Exstruitur
368 1009 470 1074 agger
483 988 518 1052 in
531 982 738 1057 artimdmem
747 984 867 1072 pedum
875 1008 931 1069 rx,
945 991 1135 1062 eolleeatur

44 1118 49 1133 ·
124 1080 196 1161 fin
210 1096 250 1147 ee
266 1078 373 1145 tarmis
387 1096 412 1142 x
423 1073 664 1151 tabulatorum,
678 1092 744 1135 non
755 1071 890 1159 quidam
904 1096 991 1163 quae
1004 1082 1133 1149 moeni·

138 1194 143 1199 ·
158 1166 229 1235 bus
239 1165 502 1251 adaequaretur,
523 1157 559 1223 id
572 1158 659 1223 enim
671 1159 777 1224 nullis
791 1160 951 1247 operibus
963 1166 1054 1233 albei
1071 1191 1133 1257 po-

156 1261 267 1333 terat,
288 1252 350 1317 sed
371 1270 456 1336 qnae
473 1253 654 1333 superaret
670 1244 774 1311 fontis
789 1248 976 1333 fastigium.
1020 1252 1075 1321 Ex
1089 1279 1128 1323 sa

135 1364 140 1369 ·
158 1354 234 1407 eum
253 1339 322 1404 tela
338 1334 517 1402 tormentis
533 1334 723 1399 iacerentur
738 1331 781 1399 ad
794 1335 897 1402 fontis
911 1336 1047 1422 aditus,
1068 1365 1128 1411 nee

156 1429 232 1495 sine
253 1424 403 1513 perieulo
423 1426 566 1512 possent
586 1420 748 1508 adaquari
766 1422 946 1511 oppidani,
972 1446 1040 1495 non
1056 1437 1129 1497 tan-

49 1528 52 1533 '
157 1523 229 1583 tum
246 1534 367 1603 peoora
385 1518 486 1598 atque
505 1508 672 1589 iumenta,
694 1506 755 1577 sed
771 1512 871 1579 etlam
885 1532 1006 1600 magna
1018 1518 1126 1587 bomi-

156 1626 236 1670 num
251 1597 432 1666 multitudo
449 1595 508 1663 siti
524 1592 793 1664 consumebatur.

27 1750 31 1761 ,
242 1684 356 1761 XLll.
385 1684 462 1771 Quo
483 1684 571 1749 malo
583 1683 759 1772 perterriti
770 1682 932 1772 oppidani
951 1708 1057 1776 eupas
1070 1710 1123 1757 se-

27 1772 30 1779 ’
155 1799 214 1857 ro,
234 1776 327 1864 pice,
347 1771 510 1839 seindulis
524 1771 710 1858 eomplent3
734 1792 792 1837 aas
805 1771 1124 1880 ardentesinopero

28 2010 31 2021 .
108 1857 1123 2057 .ll⁰l¹llllndsslttglntlt&tentantia

153 2036 348 2105 deterreant
359 2034 542 2105 Romanos.
571 2034 695 2120 Magna
708 2041 845 2121 repente
858 2035 894 2101 in
907 2035 997 2125 ipsas
1011 2042 1124 2130 operi.

82 2120 85 2127 “
128 2124 217 2191 bus
237 2127 370 2190 flamma
388 2121 535 2189 exstitit.
577 2119 805 2207 Quaeomrque
825 2123 913 2189 euim
933 2146 998 2213 por
1012 2129 1125 2197 laeum

129 2212 371 2301 npraeeipitem
392 2209 496 2273 missa
518 2213 632 2288 erant,
654 2229 695 2272 ea
713 2210 820 2279 vineis
840 2217 877 2277 et
897 2232 1020 2297 aggero
1041 2238 1125 2305 sup·

130 2314 134 2341 ⁵
177 2316 272 2365 ressa
285 2293 609 2384 eomprehendebant
624 2291 661 2358 id
674 2295 794 2381 ipsum,
809 2295 901 2385 quod
913 2300 1125 2383 morabatur-0

127 2320 421 2455 ³·dlilites·eontra
441 2381 552 2449 nestri
573 2402 763 2469 quanquam
784 2387 975 2473 periculoso
997 2410 1121 2475 genere

150 2475 275 2563 proelii
292 2474 433 2559 leaeque
450 2470 504 2537 ini
529 2488 571 2535 uo
592 2470 848 2557 premebantur,
876 2480 989 2541 tamen
1009 2480 1121 2553 amnia

150 2560 368 2650 paratissimo
388 2559 517 2626 sustine
543 2558 747 2626 antonine:
768 2580 824 2625 res
839 2561 926 2643 enim
938 2564 1121 2648 gerebatur

150 2656 186 2715 et
207 2650 337 2714 exeelso
355 2648 430 2712 loeo
442 2654 477 2712 et
491 2647 526 2710 in
542 2653 722 2733 eonspeotu
736 2648 904 2715 exereitus
916 2652 1029 2719 nostri
1049 2675 1121 2721 ma-

72 2812 75 2817 ·
148 2734 304 2825 gnusque‘
311 2736 482 2820 utrimque
494 2734 621 2798 elamor
632 2733 816 2803 oriebatur.
842 2734 1012 2823 ltaquam
1025 2743 1120 2827 qnis-

147 2844 215 2915 que
233 2827 368 2913 poterat
384 2841 535 2888 maxume
551 2820 713 2904 iusignia,
731 2842 798 2908 que
813 2822 925 2889 notior
943 2829 1119 2896 testamur·

145 2930 213 3064 appe
231 2912 349 3066 νιξηιιὲΙ
361 2911 433 2977 eius
456 2915 564 2991 esset,
582 2909 661 2983 telis
676 2908 822 2975 bostium
836 2910 1056 3003 flammaeque
1076 2936 1115 2982 se

145 3018 315 3066 uerear
678 3018 682 3024 ·
1039 3048 1042 3053 -

124 3098 128 3107 “
231 3083 365 3154 XLIII.
403 3080 533 3153 Caesar
549 3101 624 3149 eum
645 3083 834 3171 eumplures
849 3106 931 3155 suos
943 3070 1115 3155 vulnorari

140 3171 283 3255 rideret,
296 3197 336 3241 ex
348 3170 502 3240 omuibus
512 3170 628 3258 oppidi
639 3173 793 3261 partibus
801 3174 955 3243 eobortes
964 3177 1113 3241 montem

67 3254 87 3313 '-
143 3259 323 3329 ascendere
348 3269 383 3327 et
411 3260 625 3325 simulatione
647 3260 814 3327 moenium
843 3256 1115 3353 ueoupaudorum

141 3350 321 3416 elamorem
330 3347 478 3434 undique
489 3347 582 3412 iubet
593 3347 725 3417 tollere.
747 3347 924 3435 Quefaeto
936 3348 1116 3441 perterriti

119 3448 124 3455 '
140 3437 303 3525 oppidani
325 3458 399 3502 eum
422 3432 503 3521 quid
519 3443 675 3518 ageretur
691 3436 726 3502 in
739 3437 824 3503 loeis
836 3437 981 3525 reliquis
996 3443 1113 3505 essent

95 3546 98 3551 ·
139 3522 268 3608 ignari,
290 3524 446 3612 suspensi
461 3529 618 3587 reveoant
636 3522 679 3587 ab
698 3524 933 3612 impugnandis
950 3524 1113 3615 operibus

26 3660 32 3669 ,
140 3617 289 3678 armatus
305 3611 476 3697 murisque
490 3607 684 3697 disponunt.
711 3609 766 3679 Ita
780 3612 890 3678 nostri
906 3610 974 3679 line
987 3609 1110 3700 proelii

132 3697 228 3770 {aeto
242 3699 400 3768 celeriter
413 3718 515 3786 opera
523 3696 656 3762 flamma
667 3700 906 3789 eomprehensa
917 3700 1043 3790 partim
1055 3718 1111 3763 re·

5 3828 15 3997 p
125 3790 335 3883 sanguem,
350 3788 486 3887 partim
495 3783 772 3857 intentandum(
793 3781 1116 3928 mmwitdi
