2310 4154
21 142 29 151 ’
98 96 228 207 use?
332 50 908 239 usurunuooaus'rco
1076 80 1088 102 ”

26 372 31 381 ,
128 313 245 392 atque
271 299 506 372 deterrendum
546 299 801 392 quibuscunque
839 303 943 370 rebus
981 315 1101 393 posset

27 392 31 401 ’
127 391 368 476 Dumnorigem
388 388 588 471 statuebat3‘
621 388 712 476 quod
733 387 866 475 longius
892 393 965 458 eius
987 418 1098 462 amen-

126 485 207 547 tiam
223 476 382 568 progredi
395 475 546 559 ridebat,
567 477 854 565 prospiciendum,
876 481 1015 566 nequid
1029 483 1097 577 sibi

126 592 165 634 ac
185 566 390 654 reipublicae
412 572 679 651 nocere-posset.
723 562 846 652 Itaque
867 564 939 632 dies
959 570 1098 639 circiter

126 677 195 722 xxv
207 657 241 719 iu
254 659 293 719 eo
306 655 381 719 loeo
396 650 632 730 commoratus,
652 652 742 739 quod
755 675 856 720 corus
871 654 988 722 ventus
1001 655 1096 725 nari-

11 729 65 779 ”·
125 742 292 829 gationem
317 738 541 893 impediebat,
575 739 635 824 qui
660 760 810 825 magnam
831 750 961 828 partem
986 747 1095 812 omnis

13 882 20 891 ,
59 831 67 863 ·’
125 831 289 916 temporis
308 830 344 894 in
390 828 420 892 is
442 828 524 894 flare
541 828 734 908 consuevit,
763 826 867 894 debat
883 852 1034 918 operam,
1056 840 1098 899 ut

123 919 161 986 in
178 917 288 983 officio
303 915 546 1000 Dumnorigem
559 914 761 1001 contineret,
781 916 886 981 nihilo
908 918 1020 984 tamen
1041 942 1096 986 se-

123 1007 198 1072 cius
221 1006 340 1087 omniu
353 1003 426 1068 eius
448 992 589 1069 consilia
606 1009 837 1086 cognoscerem
869 1005 1004 1072 tandem
1020 1006 1095 1073 ido-

121 1114 219 1160 neam
248 1096 482 1179 tempestatem
504 1098 621 1156 nactus
646 1090 770 1170 milites
793 1089 990 1179 equitesque
1012 1116 1117 1161 con--

121 1179 281 1247 scendere
293 1180 330 1244 iu
342 1199 443 1243 naves
458 1177 562 1244 iubet.
606 1177 660 1243 At
676 1178 820 1245 omnium
834 1179 1005 1266 impeditis
1019 1181 1093 1247 aui-

120 1268 185 1332 mis
207 1263 395 1339 Dumnorix
415 1284 490 1328 eum
511 1265 686 1350 equitibus
703 1264 901 1339 Aeduorum
924 1291 944 1333 a
964 1268 1091 1334 eastris
1118 1275 1120 1279 ’

118 1354 282 1428 insciente
296 1351 442 1420 Caesare
457 1350 590 1417 domum
604 1344 775 1418 discedere
788 1354 910 1442 coepit.
954 1354 1031 1442 Qua
1051 1377 1090 1423 re

118 1443 276 1509 nunciata
293 1437 421 1508 Caesar
440 1440 634 1505 intermissa
652 1441 856 1527 profectione
872 1449 972 1528 atque
983 1443 1092 1523 omni-

118 1530 184 1595 bus
202 1530 304 1596 rebus
324 1528 525 1617 postpositis
545 1549 696 1613 magnam
712 1537 841 1613 purtem
858 1529 1091 1615 equitatusad

99 1626 103 1631 '
118 1638 197 1685 cum
208 1615 447 1704 insequendum
459 1615 568 1680 minio
578 1616 771 1699 retrahique
785 1618 947 1703 imperate
974 1618 1007 1694 si
1017 1617 1089 1686 ritu

58 1716 62 1728 ”
117 1706 222 1772 faciet
241 1724 348 1789 neque
368 1711 504 1790 pareat,
531 1702 683 1767 interfici.
696 1701 808 1782 iubet,
835 1704 923 1768 nibil
943 1704 1030 1770 hune
1051 1727 1089 1791 se
1120 1754 1124 1763 =

119 1793 258 1860 absente
274 1812 335 1877 pro
351 1811 433 1854 sano
447 1789 613 1854 facturum
631 1788 834 1869 arbitratus,
855 1792 914 1876 qui
928 1814 1090 1880 praesen-

117 1881 164 1947 tis
186 1877 362 1966 imperium
383 1877 595 1961 neglexisset.
638 1874 810 1942 Illeenim
833 1886 1010 1945 revocatus
1031 1902 1088 1947 re·

16 2028 19 2033 .
119 1969 243 2036 sistere
263 1987 301 2032 ao
322 1985 359 2032 se
380 1986 480 2031 mauu
499 1961 676 2054 defendere
691 1985 895 2054 suorumque
910 1965 1010 2034 fidem
1022 1969 1087 2036 im·

507 2066 557 2149 „-

119 2183 324 2210 m·-

74 2408 76 2413 4
123 2389 127 2397 .
151 2349 287 2425 capvll.
327 2349 415 2418 quod]
445 2342 520 2397 nieht
540 2326 699 2415 Gegeusela‚
731 2322 845 2399 condem
863 2344 982 2419 Steigeru
1039 2349 1084 2404 be·

115 2442 120 2449 ·
181 2418 264 2476 wirlst
283 2417 342 2473 bier
358 2415 404 2468 das
421 2411 583 2484 Asyndelon.
600 2441 634 2455 -
668 2416 792 2485 longius]
818 2414 870 2468 wie
888 2417 922 2470 ist
939 2416 985 2470 der
1027 2437 1084 2473 om·

179 2488 286 2563 paratis
303 2505 337 2539 au
358 2483 499 2543 erbl'airep?
523 2510 559 2524 -··
599 2499 636 2549 mc
653 2485 733 2551 quid]
762 2502 783 2537 s.
800 2484 859 2539 Lib.
875 2485 895 2537 I.
916 2487 981 2558 Cap.
996 2487 1083 2541 XLII.

177 2580 208 2632 p.
222 2559 265 2612 44.
285 2554 358 2610 zu‘si
377 2552 451 2624 quid.
465 2582 501 2595 -
533 2557 738 2616 cernerentur]
761 2572 783 2607 s.
798 2553 858 2607 Lib.
867 2552 917 2607 lII.
930 2554 995 2626 Cap.
1004 2555 1083 2612 XIII.

111 2629 114 2636 '
204 2632 268 2684 .99.
286 2645 321 2679 zu
337 2624 363 2676 di
383 2623 413 2675 'oi
429 2620 544 2694 pollicis.
561 2648 596 2660 —
629 2620 659 2672 in
676 2620 734 2691 bis]
758 2637 806 2674 aus
824 2621 1083 2694 demvorbergeben·

179 2648 231 2749 den
254 2696 284 2749 iu
308 2712 339 2746 eo
364 2641 424 2745 Ioco
450 2695 556 2760 ergiinzl
577 2686 634 2740 sich
655 2687 730 2745 Iocis.
745 2708 798 2774 von
815 2690 903 2744 selbsl.
916 2718 959 2774 .''
993 2693 1083 2746 dabat

129 2891 132 2896 ,
176 2759 834 2911 sacrosanctorum.mols}
855 2765 1026 2912 ‘ttiutl
1050 2781 1110 2911 n

175 2895 714 3036 lbtdt.t‘2ft3}¹.⁰lt.23⁰lll‘ianm
728 2896 1081 3042 libellulum
1101 2962 1105 2971 ·

178 3039 317 3094 Commata
347 3051 382 3087 au
409 3033 552 3097 aerreissen
582 3039 654 3088 wilre
683 3050 749 3103 ganz
775 3029 923 3101 unlogrseb.
964 3030 993 3086 S.
1017 3032 1079 3090 Lib.

177 3109 214 3162 ll.
234 3108 300 3180 Gap.
315 3100 425 3158 XXXV.
442 3104 523 3155 Anm.
541 3104 565 3156 1.
585 3101 641 3159 und
659 3111 741 3155 auten
757 3098 808 3151 den
824 3098 931 3170 Auiang
947 3098 991 3154 des
1011 3103 1079 3175 Cap.
1103 3118 1114 3134 *

151 3177 312 3233 .V111.-
351 3171 513 3250 retrahique
535 3174 667 3238 imperat]
701 3187 737 3247 sc.
761 3186 838 3220 eum:
872 3166 971 3223 Ionnle
987 3168 1078 3226 feblen

174 3247 300 3312 warum?
333 3241 425 3297 Ueber
449 3238 492 3292 dre
513 3237 701 3295 construction
718 3254 770 3290 rou
787 3238 919 3318 imperare
934 3257 956 3293 e.
974 3239 1077 3312 Cap.I.
1117 3230 1127 3250 ‘

173 3336 210 3386 p.·
220 3316 277 3370 148.
297 3331 331 3366 zu
347 3311 470 3383 imperat.
487 3336 537 3370 -,
553 3307 638 3377 bunc]
662 3302 870 3362 nacbdrilclrheb
885 3324 920 3351 =
934 3306 1023 3363 talem.
1041 3337 1076 3352 -·

78 3400 83 3411 ¹
171 3400 229 3452 pro
249 3389 333 3447 sanc]
362 3381 448 3434 ciuem
472 3377 648 3433 Besouuenen
670 3380 790 3445 gemite,
812 3372 866 3428 'wie
888 3404 931 3430 -·
960 3376 1075 3445 (Andes-s

174 3451 235 3505 Lib.
251 3451 271 3503 I.
291 3447 457 3523 Capllxll.
474 3466 503 3519 p.
514 3443 706 3518 21·1pro.riso.
741 3445 800 3498 Lib.
819 3442 869 3497 111.
894 3440 960 3518 Cep.
974 3444 1076 3500 XVIII.

173 3540 203 3593 p.
221 3519 279 3573 104.
304 3538 356 3591 pro
379 3515 510 3602 perfuga.)
522 3522 568 3567 '-.··
583 3514 878 3598 'qui-negleqctbsetJ
903 3533 926 3568 s.
946 3512 1013 3638 Cap.
1026 3514 1077 3568 IV.

162 3583 1076 3723 licioll.bliml’l‘tldlilfz..dlllnlllgliltdssl

78 3730 93 3781 ι’
168 3678 248 3784 ἔπηξε
272 3727 315 3779 eir
339 3724 465 3780 Gedsube
488 3719 670 3796 eingescballet
693 3721 814 3776 werden:
846 3708 903 3773 dnd
923 3720 995 3777 dieas
1009 3714 1076 3774 Mei·
1097 3710 1099 3714 ¹

13 3826 15 3830 -
72 3819 85 3836 -
120 3790 124 3794 ’
145 3812 239 3871 ως
257 3795 370 3861 Cessare
389 3795 467 3864 ward
485 3793 578 3857 dureb
593 3791 647 3853 den
659 3790 763 3864 Eulolq
770 3787 905 3858 ΝΜ·
