2310 4154
244 130 247 135 ·
354 108 620 208 staua
657 135 838 211 v-111.··
1002 142 1070 213 arr

76 368 79 373 -
100 318 255 387 omnibns
269 310 461 394 Iluo'terlun
472 313 531 401 qul
544 316 698 389 fortunas
709 306 806 381 illius
820 309 1070 401 perieulum‘io-

102 413 214 486 uorat,
243 409 392 471 mouerat
413 403 574 468 frumenti
593 403 757 467 rationem
776 422 853 467 esso
868 400 1075 486 hahendam,

104 495 319 572 eonstituunt
339 490 483 556 omnium
505 490 669 555 oonsorisu
688 497 787 576 parte
807 488 995 556 ibi-reliota
1014 511 1071 558 eu-

104 584 237 672 piarum
259 581 272 644 i
297 579 328 644 si
342 599 416 643 curn
431 576 595 663 expeditis
607 574 651 642 ad
665 564 918 664 importandum
925 577 1072 644 frumen-

91 676 178 734 =tum
201 602 381 757 proXoisoi.
424 664 477 730 Eo.
492 664 634 729 oonsilio
647 667 964 751 prohato'prosuma
976 672 1073 732 noeto

80 792 90 800 -
106 755 238 821 (luobus
252 753 387 819 milibus
401 748 603 817 armatorum
620 746 749 819 relictis
761 752 912 838 reliquos
925 774 965 837 err
977 753 1075 841 oppi-

76 862 96 889 -·
106 843 151 911 (lo
160 842 316 932 Drappes
329 837 723 923 otLuoterius‘eduount3
740 839 766 904 ii
777 836 903 928 pauoos
917 840 990 906 dies
1004 862 1075 931 mo-

76 928 380 1009 -·2uati÷ex:·finibns
394 924 640 1005 Caduroorum
661 928 720 1013 qui
731 928 859 1015 *partim
875 948 914 1000 ro
927 928 1076 994 frumen-

95 1014 457 1084 ‘tarlasulolerareeos
469 1014 663 1103 rapiebant,
682 1015 807 1104 partim
820 1012 997 1105 prohibere
1008 1026 1076 1102 quo

76 1100 220 1170 :aloinus
241 1101 413 1169 'sumerent
439 1122 504 1168 nun
522 1109 699 1190 poterant,
726 1116 882 1191 magnum
901 1113 1079 1169 numerum

77 1190 268 1259 --rrumontl
278 1190 482 1277 comparant,
490 1210 722 1278 nonnunquam
733 1199 843 1258 autem
852 1189 1080 1278 'expeditioni-

78 1316 83 1325 ·
98 1278 174 1355 inus
189 1278 361 1344 nonturnis
375 1268 516 1345 oaslella
527 1282 719 1343 nostrorum
733 1277 942 1347 adoriuntur.
965 1276 1097 1364 (Quorsus¹

109 1367 155 1434 ob
170 1386 322 1431 caussam
335 1360 554 1432 G.·Ganinius
569 1370 642 1430 toto
656 1362 779 1453 oppido
795 1366 995 1432 munitiones
1012 1367 1081 1433 oir-
1100 1393 1104 1400 ·

111 1452 270 1521 cumulare
289 1457 466 1532 coutetur,
492 1472 534 1517 ne
554 1456 613 1517 aut
630 1473 716 1540 opus
736 1452 894 1517 eflectum
909 1451 998 1518 tueri
1012 1474 1082 1519 non

112 1542 227 1632 possit·
238 1547 297 1605 aut
310 1534 468 1625 plurimis
481 1540 566 1605 lunis
582 1539 713 1605 infirma
729 1537 886 1628 disponat
898 1539 1082 1627 praesidia.

198 1626 351 1698 XXXV.
373 1622 495 1713 Magna
508 1626 604 1715 eopia
615 1628 777 1693 frumenti
793 1636 987 1715 comparata
1002 1647 1082 1693 oon-

101 1713 229 1803 *sidunt
242 1715 401 1805 Drappes
422 1725 458 1781 et
468 1714 647 1782 Luutorius
665 1737 731 1781 uon
749 1716 883 1801 lougius
899 1715 941 1780 alo
957 1713 1083 1802 oppido

113 1826 138 1869 x
158 1803 313 1883 milibus,
340 1802 429 1869 uude
448 1804 625 1890 paullatim
643 1803 846 1869 frumentum
867 1803 902 1867 in
918 1802 1084 1890 oppidum

84 1918 87 1923 ·
113 1898 367 1980 supportarent.
408 1887 484 1979 lpsi
503 1893 593 1956 inter
614 1912 650 1955 so
665 1890 854 1980 provincias
869 1892 1085 1978 partiunturt

114 1977 274 2067 Drappes
294 1976 417 2043 eastris
438 1978 609 2065 praesidio
632 2000 706 2044 oum
724 1988 822 2068 parte
843 1978 1014 2066 copiarum
1029 1996 1087 2043 re-

75 2080 88 2111 '·
116 2066 218 2146 stitit,
231 2064 411 2131 Lucterius
424 2072 541 2151 agmen
560 2066 782 2151 iumentorum
798 2064 839 2131 arl
852 2065 1011 2153 oppidum
1024 2062 1088 2130 atl-

108 2152 221 2221 'duoit
264 2151 454 2239 Dispositis
469 2154 518 2218 ihi
532 2153 714 2243 praesidiis
729 2155 810 2220 hora
824 2152 1088 2219 noeta'oiroitor

116 2260 152 2310 x.
163 2239 378 2306 silvestribus
389 2240 607 2327 angustisque
619 2240 796 2307 itineribus
807 2241 1011 2307 frumentum
1022 2241 1088 2308 irn-

113 2336 255 2416 portare
265 2327 301 2391 in
313 2326 473 2418 oppidum
486 2328 650 2395 instituit.
678 2328 831 2415 Quorum
845 2330 1024 2414 strepitum
1037 2329 1089 2395 vi·

87 2414 1089 2502 <gursoastrorumoum-sensissent,exploratoresquemis-
1127 2412 1135 2424 ‘

119 2500 153 2566 si
171 2520 256 2587 quae
271 2508 449 2584 agerentur
461 2501 730 2584 renunciassent3
757 2500 917 2570 Caninius
932 2503 1089 2569 celeriter

119 2586 397 2654 eumnolrortilrus
411 2589 552 2653 armatis
566 2608 606 2652 ex
618 2590 791 2675 proxumis
803 2590 954 2656 rastellis
967 2591 1002 2673 iu
1016 2590 1090 2665 fru-

120 2674 375 2741 mentarios-sub
388 2675 495 2763 ipsam
508 2678 615 2741 luoem
627 2676 788 2765 impetum
798 2677 891 2743 ferit.
924 2676 957 2744 li
970 2696 1090 2765 repen-

56 2844 59 2849 .
90 2806 96 2813 -
120 2764 193 2828 tino
207 2763 294 2827 malo
308 2764 483 2849 perterriti
497 2761 676 2847 diffugiunt
685 2764 727 2829 ad
736 2787 798 2830 sua
812 2764 1103 2853 praesidiaque&

123 2851 234 2916 nostri
245 2849 459 2931 utviderunt,
472 2850 582 2916 aorirrs
595 2858 711 2917 eontra
724 2861 872 2919 armatos
883 2853 1017 2920 inuitati
1030 2874 1091 2918 ne·

34 2966 38 2975 ·
124 2939 244 3003 minem
258 2959 298 3002 ex
313 2959 351 3003 eo
369 2960 507 3005 nurnero
520 2939 631 3005 rivum
645 2941 720 3028 oapi
734 2941 922 3029 patiuntur.
961 2939 1092 3024 Effugit

123 3025 202 3092 inde
217 3047 291 3090 curn
308 3028 423 3112 paucis
437 3026 617 3093 Lauterius
632 3049 691 3092 neo
706 3041 745 3093 'se
758 3030 882 3118 resipit
895 3030 930 3095 in
944 3035 1070 3097 castra.

210 3111 382 3199 xxxvl.
420 3113 574 3181 Relrene
595 3122 691 3201 gesta
704 3114 868 3184 Caninius
886 3136 926 3207 ex
947 3114 1091 3202 captivis

99 3238 109 3245 -·
124 3200 288 3287 eomporit
308 3209 438 3290 partem
460 3204 630 3291 copiarum
654 3216 727 3269 oum
752 3205 928 3293 Drappete
954 3224 1030 3269 esse
1054 3202 1092 3268 iu

98 3328 101 3335 ·
125 3288 250 3352 eastris
271 3311 291 3354 a
306 3290 442 3355 milibus
462 3313 528 3357 uon
538 3293 689 3380 amplius
704 3314 765 3361 xrr.
807 3286 884 3378 ¹Qua
899 3313 936 3357 re
948 3313 989 3357 ex
1003 3311 1093 3358 oom-

100 3424 103 3429 .
124 3373 282 3462 pluribus
304 3377 436 3461 cognita
456 3398 539 3443 oum·
553 3379 758 3466 intelligeret
775 3380 892 3468 fugato
909 3379 992 3445 duos
1007 3381 1093 3446 alte-

125 3482 169 3528 ro
180 3456 381 3550 perterritos
395 3466 656 3552 reliquosfaoile
671 3469 816 3556 opprimi
830 3490 942 3559 posse,
952 3478 1091 3553 magnae

109 3549 304 3615 rfelioitatis
325 3574 399 3618 esse
420 3554 667 3636 arbitrabatur,
688 3556 849 3622 neminem
870 3567 913 3621 ex¹
926 3555 1026 3621 caede
1040 3575 1094 3618 re-

125 3635 256 3722 fugisse
277 3639 312 3703 in
335 3645 464 3731 rastra,
495 3634 616 3729 quide
639 3650 774 3732 oooepta
796 3644 987 3711 salernitate
1008 3656 1093 3707 uun-

126 3724 215 3789 oium
232 3724 401 3819 Drappeti
422 3728 602 3815 perferret.
645 3729 719 3799 seu
736 3731 779 3796 in
797 3728 1015 3821 eapeixunixo
1035 3738 1124 3779 eum

121 3812 310 3897 perieulum
328 3814 461 3891 nullum
480 3815 644 3902 rideret,
664 3818 873 3909 sonitatum
891 3823 1040 3878 umam
1047 3797 1150 3857 Q·
