2310 4154
1015 78 1025 111 l

13 142 22 164 ⁸
120 142 189 253 os‘¹
301 79 971 233 'nuosunossnsncos'
1052 259 1055 264 ι
1150 184 1153 195 ,

106 328 166 415 gin
185 325 396 408 Nantuates,
417 322 591 414 Veragros
608 323 828 415 Sedunosque
840 321 955 406 misit,
983 322 1042 413 qui
1058 325 1101 391 ab

119 417 268 487 dinibus
283 415 509 500 Allobrogum
538 420 574 479 et
600 414 676 480 lacu
705 412 888 481 Lemanno
905 420 940 478 'et
967 413 1103 479 flumine

97 491 105 580 ¹,
128 503 292 575 Rhodano
306 502 349 569 ad
365 524 513 570 summas
526 501 834 589 Alpespertinsnt.
879 497 1104 568 Caussainit-
1131 586 1134 591 ι

29 613 30 618 ’
130 591 228 660 tendi
240 591 319 673 luit,
339 589 430 679 qnod
442 590 509 657 iter
520 610 582 677 per
595 588 718 677 Alpes,
740 610 806 675 quo
822 609 940 672 magno
956 584 1104 677 cum'pe-

92 687 96 692 ’
132 681 245 760 riculo
260 680 456 766 magnisque
473 699 546 752 cum
563 676 724 764 portoriis
740 674 943 741 mercatores
956 675 1006 758 ire
1026 697 1105 741 con·

131 775 292 848 suerent,
312 766 467 856 patelieri
481 765 626 832 volebat.
666 761 756 830 Huic
773 762 944 850 permisit,
968 763 999 827 si
1019 784 1105 850 opus

135 876 214 922 esse
227 856 463 934 arbitraretur,
482 853 534 918 uti
547 854 582 917 in
595 852 644 916 eis
658 851 742 916 locis
758 851 923 936 legionem
938 850 1107 930 hiemandi

43 951 46 954 ’
90 964 92 975 ’
136 964 257 1010 caussa
277 940 470 1009 collocaret.
515 938 623 1006 Galba
644 935 798 1003 secundis
820 939 949 1024 aliquot
965 932 1106 1031 proeliis

134 1030 240 1099 iactis
268 1028 484 1116 castellisque
510 1025 737 1114 compluribus
762 1045 877 1089 eorum
909 1026 1107 1112 expugnatis

16 1152 23 1175 ι
139 1116 255 1186 missis
276 1114 319 1181 ad
339 1136 414 1180 eum
436 1111 584 1201 undique
605 1113 727 1198 legatis
753 1111 992 1199 obsidibusque
1016 1110 1137 1181 datis*

87 1229 90 1236 “
139 1210 176 1272 et
211 1201 370 1268 arelacta
384 1202 560 1266 constituit
570 1200 724 1266 cohortes
738 1197 822 1264 duas
835 1200 869 1263 in
878 1197 1107 1274 Nantuatibus

27 1316 41 1379 g
140 1225 307 1358 codocare
327 1293 365 1354 et
384 1288 459 1376 ipse
473 1310 548 1353 cum
562 1287 703 1375 reliquis
718 1285 791 1352 eius
805 1287 945 1383 legionis
963 1287 1109 1357 cohorti·

32 1397 34 1409 ’
49 1400 51 1404 ’
140 1379 207 1445 bus
221 1377 256 1442 in
270 1373 584 1460 ricoVeragrorum
591 1419 605 1450 ‚
626 1376 685 1461 qui
698 1374 888 1462 appellatur
901 1373 1110 1461 Octodurus,

141 1464 307 1546 hiemare3
341 1463 524 1551 quiricus
552 1461 684 1549 positus
712 1467 748 1527 in
776 1461 862 1528 valle
896 1481 1110 1549 nonmagna

96 1618 100 1628 ,
134 1550 274 1619 adiecta
299 1549 439 1638 planitie
466 1550 644 1616 altissimis
676 1547 845 1618 montibus
861 1547 1011 1636 undiqu'e
1032 1573 1111 1616 oon-

143 1641 286 1712 tinetur.
315 1637 401 1705 Cum
413 1636 466 1703 bic
480 1637 516 1702 in
528 1636 612 1704 duas
624 1643 738 1723 partes
747 1634 883 1702 flumine
892 1635 1112 1716 divideretur,

85 1724 89 1739 ’
109 1733 112 1742 ’
143 1728 286 1793 alteram
307 1730 438 1810 partem
454 1723 527 1787 eius
547 1723 615 1789 vici
630 1722 739 1789 Gallis
759 1722 941 1803 concessit,
968 1726 1109 1792 alteram

33 1878 39 1891 ,
143 1833 282 1882 raenom
297 1805 339 1875 ab
354 1811 425 1875 illis
444 1810 596 1876 relictam
619 1808 813 1876 cohortibus
836 1808 879 1874 ad
898 1802 1111 1880 biemandum

62 1897 66 1958 Ῐ
98 1931 106 1957 f
147 1898 320 1968 attribuit.
362 1895 449 1964 Eum
461 1897 571 1963 locum
586 1898 677 1962 vallo
694 1897 1015 1984 fossaquemunivit.
1106 1909 1108 1914 ’

142 2011 146 2024 ²
232 1983 284 2054 ΙΙ.
327 1981 414 2053 cum
443 1979 517 2050 dies
545 1984 759 2051 hibernorum
784 1985 974 2071 complures
1002 1993 1115 2054 mons-

101 2125 105 2133 .
147 2074 259 2141 issent
270 2073 539 2160 frumentumque
554 2093 593 2137 eo
608 2070 812 2160 comportari
824 2071 998 2155 iussisset,
1020 2075 1115 2141 subi-

73 2184 99 2245 3
127 2190 130 2207 =
149 2168 186 2228 to
207 2179 274 2249 per
295 2160 524 2247 exploratores
543 2159 668 2224 certior
686 2159 797 2224 faetus
817 2167 870 2225 est
890 2181 995 2226 exea
1016 2152 1116 2250 parte

18 2243 21 2250 ’
81 2259 85 2274 ·
147 2248 233 2322 rici,
254 2266 353 2334 quam
367 2243 478 2311 Gallis
492 2253 721 2325 concesserat,
742 2264 856 2312 omnes
865 2253 973 2331 'noctu
988 2247 1116 2317 disces·

35 2358 43 2376 ¹
114 2336 116 2342 ’
150 2335 254 2413 sisse,
275 2337 489 2421 montesque,
508 2332 568 2422 qui
581 2330 822 2422 impenderent,
841 2356 862 2399 a
876 2337 1016 2402 maxima
1030 2341 1117 2407 mul-

80 2495 86 2506 ·
109 2430 128 2456 ³
147 2419 298 2494 titudine
313 2417 521 2486 Sedunorum
537 2425 573 2486 et
583 2418 811 2505 Veragrorum
826 2423 946 2493 teneri.
987 2422 1031 2492 Id
1054 2426 1118 2509 ali·
1140 2454 1144 2459 ⁴

133 2505 236 2598 r<q‘uot
253 2507 298 2594 de
317 2507 447 2578 caussis
467 2506 652 2591 acciderat,
665 2513 719 2590 ,ut
730 2505 843 2576 subito
859 2508 950 2579 Galli
964 2509 1047 2581 belli
1062 2530 1116 2582 re·

150 2679 352 2705 Μ

35 2803 36 2807 ’
137 2809 148 2832 ⁴
184 2800 253 2874 Cap.
270 2799 291 2855 1.
332 2801 363 2854 in
376 2798 552 2873 Nantuates]
575 2819 606 2854 s.
622 2799 682 2859 Lib.
699 2801 722 2857 Ι.
746 2801 860 2877 Cap-X·
884 2801 959 2857 leuse
978 2803 1060 2856 dnm.
1082 2829 1117 2848 -ι

102 2910 105 2913 .
175 2937 177 2942 ,
218 2871 260 2921 ud
281 2884 410 2923 summas
424 2871 525 2935 Alpes]
554 2888 576 2924 s.
592 2869 653 2927 Lib.
667 2871 691 2925 1.
714 2873 780 2944 Cap.
798 2872 819 2924 Ι.
838 2871 915 2925 letale
931 2875 1027 2932 Arm,
1060 2873 1117 2928 und

218 2937 280 2992 Lib.
301 2937 336 2991 ΙΙ.
362 2936 429 3008 Cap.
448 2937 548 2992 XXVI.
573 2957 608 2992 zu
629 2939 659 2994 in
675 2957 782 3003 summo
799 2938 876 2992 colle.
897 2967 934 2980 ·-
968 2939 1136 2992 Caussa·

182 3063 184 3067 ,
204 3005 288 3077 xsuit]
310 3006 362 3058 wie
380 3003 479 3059 labente
490 3004 538 3060 der
550 3006 783 3081 folgendsfirund
794 3006 957 3060 beslimmter
969 3007 1118 3078 eingeluhrt

198 3075 298 3142 pasin?
321 3076 390 3127 Zum
413 3080 464 3142 t'§.
477 3074 537 3144 748.
558 3101 596 3119 -·
627 3094 732 3144 mnne
746 3094 809 3145 curn
822 3074 959 3146 periculo]
982 3077 1049 3130 iiber
1067 3077 1127 3143 den'

220 3141 365 3199 Gebrsuch
386 3093 434 3196 ‹ier-
455 3142 638 3214 Praeposition
655 3165 677 3198 s.
698 3143 758 3197 Lib.
774 3144 796 3197 Ι.
815 3142 880 3215 Cap.
892 3144 926 3198 X.
942 3148 1024 3199 Anm.
1039 3149 1070 3209 2.,
1084 3173 1120 3189 -

218 3230 283 3266 cum
303 3213 448 3283 portoriis]
479 3213 548 3264 liber
568 3212 611 3266 die
626 3208 847 3281 Wiederbolung
868 3211 915 3266 der
933 3213 1119 3285 Praepositicn
1144 3242 1146 3247 ·

219 3300 241 3336 a.
259 3282 318 3335 Lib.
333 3281 355 3341 l.
371 3279 440 3354 ,Cap
456 3278 477 3333 Ι.
495 3280 666 3361 tentorium.
688 3308 724 3322 -
753 3283 888 3352 patefieri
899 3285 1018 3348 volebat]
1044 3283 1120 3364 nicht

136 3473 142 3484 ,
219 3349 401 3471 titt&
420 3345 543 3487 bill·
562 3349 1058 3490 indlddllae‘btl‘bzz‘l?
1074 3369 1120 3473 ii!
1151 3465 1153 3471 ,

219 3481 287 3566 dung
304 3487 351 3538 der
368 3483 489 3556 Abiative
505 3505 527 3538 s.
568 3486 603 3540 ib.
616 3487 656 3545 ΙΙ.
671 3485 737 3609 CaIp.
749 3487 860 3546 XXXV.
877 3493 958 3542 Anm.
974 3493 999 3543 1.
1021 3519 1054 3532 -
1089 3491 1121 3541 in
1144 3498 1149 3508 “

219 3557 569 3624 vrso-aquavisus-eius
579 3557 643 3622 olor]
666 3575 687 3609 s.
725 3555 761 3608 ib.
770 3557 792 3610 1.
806 3555 870 3630 Cap.
884 3557 980 3620 XLIX,
997 3557 1079 3610 unm.
1094 3559 1124 3616 8.

189 3619 255 3692 Cap.
271 3621 306 3674 ll.
341 3630 527 3691 concesserat]
549 3624 623 3682 nicht
641 3625 828 3678 concessisset?
850 3626 951 3682 schiris
968 3630 995 3694 §.
1006 3625 1050 3682 84.
1068 3627 1122 3682 Nc.

223 3693 267 3747 21.
295 3691 513 3762 znmpteeto.
537 3721 572 3735 -
611 3693 851 3756 Iri-acciderat,
867 3699 911 3767 ut]
930 3695 1032 3749 eb'enso
1050 3694 1148 3766 pleo·¹

40 3800 48 3827 ,
132 3764 135 3770 ⁴
223 3759 354 3820 sasbach,
370 3760 422 3813 wie
439 3761 497 3815 Lib.
512 3764 534 3814 1.
550 3759 686 3835 capvn.
705 3779 768 3815 oum
782 3763 809 3814 id
823 3766 976 3834 nuntiatum
985 3771 1060 3822 mel.
1076 3780 1123 3822 ωε

91 3869 94 3879 .
216 3845 275 3902 -per
293 3827 461 3883 Provinciam
478 3838 597 3886 noscam
614 3829 766 3907 ilerslseere
782 3831 883 3891 consri-
923 3842 928 3851 ’
