2310 4154
650 64 666 107 q,

118 158 195 246 uo'.
329 166 403 240 ns
430 164 611 239 canno
639 160 884 235 annasse
934 120 942 131 ’
1025 114 1035 143 ”

123 348 215 439 piam
237 341 462 409 trementium
481 338 599 430 pabuli
612 338 782 407 Romanos
800 336 1101 429 pabulatummis-

126 450 235 501 suros
252 432 505 521 suspicantem.-
528 426 629 515 -Que
649 428 782 514 cognito
802 426 943 492 consilio
970 424 1103 495 Caesar

125 519 276 606 legiones
300 522 546 607 pluras-quam·
557 515 694 582 solebat
706 514 820 580 educit
841 516 1102 602 equitatumque

126 628 196 697 qua
220 598 461 675 consuetudine
486 603 743 696 pabulatoribus
767 603 908 669 mittere*
926 601 1102 691 praesidia

129 707 310 763 consuerat
330 695 528 783 praemittit.
577 690 676 758 Huic·
694 691 879 777 interponit
900 693 1031 758 auxilia
1054 692 1104 757 le-

128 784 419 865 cinomannos,
453 783 528 870 ipse
555 799 630 845 oum
650 778 840 864 legionibus
860 800 964 866 quam
986 784 1104 868 potest

129 884 284 939 munina
305 870 565 961 appropinquat.
852 928 856 939 .

214 978 355 1057 xvm.
395 984 524 1055 Host'es
547 985 582 1050 in
602 982 742 1049 insidiis
758 980 916 1072 dispositi
936 990 1027 1049 cum'
1039 978 1107 1047 sibi

131 1070 339 1171 dblagieseut
356 1096 509 1163 campum
530 1072 572 1138 ad
588 1090 657 1137 rem
671 1068 848 1157 gerendam
872 1092 940 1137 non
957 1070 1105 1225 amplius
1149 1134 1151 1139 .

110 1171 299 1267 'patentem
314 1165 348 1230 in
361 1184 475 1229 omnes
488 1166 605 1251 partes
615 1158 774 1247 passibus
786 1182 825 1241 n,
841 1157 937 1225 silvis
953 1168 1002 1225 un
1029 1159 1040 1223 i
1064 1176 1115 1233 aa„

129 1246 399 1422 ddibbilll
408 1246 1038 1403 ttttttittttatttfflttu
1053 1250 1108 1399 ἒ
1149 1364 1151 1379 .

131 1422 265 1513 plorato
283 1425 431 1491 bostium
451 1423 594 1492 consilio
614 1421 657 1489 ad
675 1420 906 1512 proeliandum
922 1423 1040 1489 animo
1057 1426 1111 1489 at·

100 1590 107 1595 ,
132 1526 200 1600 que
231 1510 338 1579 armis
363 1515 476 1603 parati
505 1535 580 1580 cum
605 1510 888 1599 subsequentibus
905 1509 1108 1597 vlegionibus

71 1606 75 1613 '
132 1598 260 1666 nullam
280 1599 527 1666 dimicationem
546 1608 759 1680 recusarent,
780 1598 956 1664 turmatim
975 1599 1012 1665 in
1032 1618 1107 1664 eum

131 1688 244 1754 loeurn
259 1685 472 1758 devenerunt.
518 1684 671 1774 Quorum
685 1684 828 1752 adventu
843 1690 918 1752 curn
936 1686 1010 1752 sibi
1025 1684 1109 1755 Gor·

132 1796 212 1842 reus
233 1770 380 1841 oblatam
403 1773 609 1842 occasionem
629 1775 680 1841 rei
690 1771 865 1927 dgerendae
882 1774 1107 1853 existimaret,

133 1861 281 1953 primum
301 1883 377 1928 cum
399 1862 517 1951 paucis
534 1885 572 1930 se
591 1868 688 1930 osten
712 1862 742 1927 it
757 1868 858 1948 atque
873 1862 910 1927 in
924 1882 1108 1950 proxumas

21 2002 29 2013 ..
134 1958 270 2017 turmas
296 1950 460 2040 impetum
488 1951 583 2020 iacit.
630 1948 753 2018 Nostri
774 1955 974 2017 constanter
987 1951 1108 2017 dacar-

133 2058 211 2105 snrn
232 2040 404 2106 sustinent
421 2037 677 2119 insidiatum,
698 2057 806 2125 neque
823 2039 939 2127 plures
954 2037 993 2105 in
1006 2058 1107 2105 unum

134 2124 247 2191 locum
283 2127 502 2204 conveniunt,
536 2125 627 2212 qued
655 2126 853 2214 plerumque
870 2164 873 2169 ·
888 2126 1107 2213 equestribus

135 2211 277 2298 proeliis
293 2232 371 2276 cum
383 2217 526 2301 propter
538 2213 684 2298 aliquem
700 2214 854 2279 timorem
864 2213 1016 2297 accidit,
1037 2222 1126 2283 tum'=

136 2296 354 2364 multitudine
365 2299 517 2388 ipsorum
531 2297 771 2366 detrimentum
786 2301 967 2390 accipitur.
1034 2354 1040 2365 ,

224 2416 328 2487 xlx.
372 2414 459 2487 Cum
488 2415 666 2507 dispositis
694 2419 817 2486 turnus
846 2418 881 2485 in
909 2419 1018 2487 ricem
1039 2420 1108 2488 rari

137 2505 389 2596 proeliarentur
406 2527 515 2596 neque
535 2505 578 2572 ab
595 2506 761 2612 lateribus
781 2507 1018 2575 circumveniri
1030 2528 1110 2576 suos

84 2647 87 2659 '
139 2599 355 2749 {uidit
370 2592 1111 2772 ttttatotttfttttttttttt

140 2756 242 2855 Quod
267 2790 343 2835 cum
366 2769 495 2837 diutius
519 2769 595 2859 pari
614 2767 726 2837 Marte
744 2770 904 2853 iniretur,
932 2774 1112 2861 paullatim

140 2878 180 2922 ex
196 2856 292 2927 silvis
307 2858 472 2923 instructa
488 2855 668 2923 multitudo
681 2856 833 2945 procedit
844 2857 1012 2949 pediturn,
1026 2882 1113 2950 quae

142 2950 277 3011 nostros
295 2944 387 3031 cogit
403 2941 521 3011 cedere
541 2945 691 3033 equites,
713 2947 836 3033 quihus
853 2947 1012 3014 celeriter
1031 2948 1114 3016 suh·

143 3033 282 3101 veniunt
300 3034 386 3101 levis
408 3038 598 3100 armaturae
622 3030 771 3139 pedites,
799 3056 884 3121 quos
908 3042 986 3101 ante
1006 3037 1115 3123 legio·

57 3182 60 3195 ‚
143 3142 204 3188 nes
232 3118 354 3189 missos
375 3118 499 3202 docui,
530 3128 720 3207 turmisque
745 3131 937 3207 nostrorum
961 3123 1114 3215 interpe-

143 3207 205 3275 siti
233 3216 428 3299 constanter
458 3209 680 3315 proeliantur.
739 3205 915 3295 Pugnatur
947 3212 1114 3301 aliquam-

36 3380 38 3385 1
145 3293 205 3361 diu
250 3299 301 3365 ari
325 3292 556 3379 cententroiie'3
584 3294 722 3377 deinde,
744 3304 784 3363 ut
804 3298 891 3364 ratio
914 3299 1143 3387 postulabat.

145 3320 286 3471 prodii,
322 3386 388 3473 qni·
410 3385 641 3451 sustinuerant
663 3385 789 3472 primos
807 3386 953 3473 impetus
971 3386 1115 3453 insidia·

146 3492 240 3549 rum,
267 3473 329 3539 hoc
354 3474 430 3562 ipso
458 3473 544 3539 fiunt
568 3468 778 3560 superior‘es,
805 3472 896 3562 quod
916 3475 1048 3540 nullum
1073 3472 1116 3540 ab

24 3566 26 3573 '
145 3558 383 3627 insidiantibus
401 3561 631 3651 imprudentes
651 3569 846 3651 acceperant
861 3561 1117 3631 detrimentum.

24 3650 34 3659 “
147 3645 329 3716 Accedunt
341 3651 488 3740 propius
509 3649 642 3715 interim
661 3651 829 3735 legiones,
857 3651 1037 3737 crebrique
1057 3672 1118 3718 so·

141 3734 219 3806 dem
239 3743 395 3830 tempore
414 3747 454 3810 et
469 3736 600 3809 uostris
621 3742 659 3802 ot
671 3738 833 3804 nostibus
843 3738 959 3803 nuncii
969 3737 1119 3805 afferun-

131 3833 213 3917 ἔνι’,
241 3830 501 3926 imperatorem
527 3824 715 3921 instruebas
738 3823 850 3930 supina
865 3820 1001 3885 naum.
1048 3821 1137 3901 Qu
