2310 4154
131 149 197 220 108
336 140 408 221 DE
434 139 615 213 BELLO
643 139 895 214 onnnlco

131 344 207 395 oers
223 322 374 411 aoratos,
395 319 541 386 elamore
556 319 598 385 ab
613 341 651 386 sa
669 326 765 407 parte
779 319 975 387 munitionis
986 321 1105 390 subla-

130 426 168 483 to
190 434 263 479 eum
290 408 332 474 ad
356 429 448 471 arma
471 410 596 475 milites
612 409 861 474 concurrissent
875 410 1104 475 vehementer-

128 526 199 592 que
217 499 265 566 ibi
286 501 469 589 pugnatum
490 503 613 576 esset„
628 490 786 583 repulsus
808 495 842 560 in
866 496 1025 584 oppidum
1049 503 1102 562 ts-

129 613 205 658 mon
235 587 287 654 uti
314 581 429 650 eadem
453 580 634 651 deditionis
662 582 851 649 conditione
879 591 1035 650 uteretur
1058 586 1102 651 ab

127 678 255 750 Crasso
269 670 474 758 impetravit.
724 710 728 719 =
1091 708 1094 717 ·

135 814 138 821 .
217 759 355 830 xxffl.
399 755 520 823 Armis
537 751 776 843 obsidibusque
790 758 936 845 acceptis
950 752 1102 824 Crassus

128 853 165 920 in
180 853 263 918 fines
273 845 452 913 Vocatium
467 852 502 909 et
510 841 729 909 Tarusatium
740 846 911 931 proiectus
921 851 986 910 est.
1008 843 1103 911 Tum

128 961 207 1008 vero
223 935 359 1003 barbari
377 930 545 1010 commoti,
558 928 657 1017 ‘quod
671 927 829 1019 oppidum
847 939 881 997 et
894 940 1016 997 natura
1033 932 1101 999 loni

127 1035 165 1096 et
182 1048 281 1093 manu
302 1021 466 1087 munitum
484 1019 600 1107 pausis
616 1017 750 1099 diebus,
772 1018 894 1105 quibos
910 1030 1099 1093 sorentum

128 1121 219 1195 emt,
242 1115 466 1198 expugnatum
481 1112 714 1190 cognoverant,
735 1109 864 1189 legatos
877 1127 1011 1193 quoquo
1023 1128 1101 1173 rer-

127 1224 187 1270 sus
201 1200 388 1274 dimittere,
409 1192 602 1272 coniurare,
624 1191 759 1258 obsides
774 1195 863 1261 iuter
877 1216 915 1258 se
928 1193 1021 1273 dare,
1043 1215 1100 1259 eo·

125 1290 202 1380 pias
221 1306 342 1375 parare
363 1285 556 1368 coeperunt.
596 1279 781 1346 Mittuntur
801 1283 901 1346 otiam
918 1280 961 1346 ad
978 1302 1036 1346 sas
1051 1280 1101 1347 oi·

124 1378 249 1443 vitatos
270 1371 390 1457 iegati,
416 1384 501 1455 quae
521 1373 601 1432 sunt
615 1368 783 1433 oitsrioris
798 1366 1002 1456 Hispaniae,
1022 1367 1100 1435 fini·

124 1470 239 1530 tumos
257 1457 481 1546 Aquitaniam
509 1454 585 1519 indo
602 1455 725 1520 auxilia
741 1454 908 1542 ducesque
923 1476 1100 1522 assessor-¹

125 1560 195 1618 tur.
250 1549 400 1636 Quorum
431 1542 574 1608 advento
598 1564 715 1627 magno
738 1564 813 1607 oum
837 1544 1039 1609 auctoritate
1062 1549 1101 1609 et

125 1657 335 1724 magnacum
352 1631 517 1697 bominum
535 1629 749 1693 multitudine
765 1630 890 1695 bollum
908 1650 1024 1714 gerere
1043 1650 1099 1697 eo-

124 1736 259 1793 nantur.
299 1718 415 1795 Duces
431 1734 508 1780 vero
523 1715 549 1779 ii
563 1713 772 1799 deliguntur,
799 1717 859 1803 qui
876 1739 943 1783 una
958 1739 1034 1783 oum
1051 1717 1098 1804 Q.

30 1834 35 1840 ·
126 1809 279 1881 Sertorio
289 1805 397 1872 omnis
411 1822 513 1867 annos
527 1801 662 1867 fuerant
676 1824 906 1890 summamque
919 1804 1097 1879 seiontiam

47 1960 50 1966 ,
121 1901 175 1968 roi
193 1895 350 1963 militaris
370 1889 493 1959 babere
514 1889 807 1971 existimabantur.
849 1891 899 1957 Hi
918 1899 1098 1959 eonsuetu-

58 2044 64 2070 ,
125 1986 202 2053 dine
225 1980 349 2071 Populi
373 1977 517 2045 Romani
542 1979 617 2043 loeo
644 1998 782 2064 uapore,
819 1985 932 2044 eastra
954 1979 1095 2060 munire,

40 2064 45 2075 ’
121 2069 363 2142 eommeatibus
377 2063 953 2133 nostrosintereluderoinstituunt.
977 2065 1096 2153 Quod·

122 2162 183 2229 nbi
201 2158 345 2225 Crassus
366 2151 601 2219 animadvertit
622 2173 702 2217 suas
724 2153 838 2242 copias
860 2161 1000 2242 propter
1024 2154 1095 2220 exi·

121 2248 287 2337 gnitatem
301 2264 367 2310 non
381 2240 480 2307 iaoile
495 2238 626 2320 diduri,
652 2241 782 2307 hostem
796 2247 830 2306 et
842 2242 958 2325 vagari
973 2250 1010 2306 et
1020 2242 1093 2308 vias

120 2333 277 2404 obsidere
291 2339 327 2397 st
338 2328 460 2396 eastris
474 2328 558 2392 sotis
570 2326 732 2415 praesidii
739 2328 946 2415 relinquero,
969 2328 1011 2394 ob
1019 2350 1092 2395 eam

120 2445 275 2500 saussom
289 2418 397 2486 minus
413 2414 582 2483 commode
594 2415 796 2488 frumentum
807 2423 1094 2505 commeatumquo

121 2511 191 2587 sibi
209 2505 424 2599 supportari,
453 2504 489 2571 in
507 2501 580 2570 dies
598 2501 744 2569 bostium
764 2524 938 2571 numerum
958 2504 1092 2591 augori3
1113 2550 1120 2571 i

157 2696 224 2764 cap.
238 2692 325 2745 xxll.
364 2696 474 2758 tamen]
498 2689 565 2743 iiber
583 2699 673 2747 iamen
685 2690 753 2748 nach
766 2690 1093 2766 Participisleonstruetio·

188 2779 241 2821 nen
258 2780 280 2811 s.
297 2760 365 2833 Cap.
378 2760 454 2813 xiv.
471 2761 552 2812 Anm.
566 2761 594 2816 3.

156 2832 224 2900 cop.
241 2827 343 2879 xxlll.
374 2831 477 2895 paucis
489 2830 599 2888 diebus,
617 2831 730 2899 quobus]
756 2828 776 2883 i.
789 2848 813 2883 e·
830 2840 974 2902 postquam
987 2848 1019 2883 eo
1033 2847 1092 2881 ven·

186 2907 246 2950 mm
261 2904 325 2948 erat.
354 2896 424 2949 Zum
446 2897 621 2961 t§.478.-
652 2899 853 2966 oentmnerae]
879 2900 979 2968 Zumpt
995 2898 1091 2960 ΜΗ.

138 2974 158 2985 ““
188 2963 288 3021 neuun
305 2967 331 3027 §·
346 2966 389 3019 61.
436 2967 542 3021 r.6.-
574 2964 1091 3034 intersedars]nicbtsibiinterse?

187 3034 218 3089 8.
234 3032 292 3086 lib.
308 3030 345 3086 ΙΙ.
365 3031 432 3104 Cap.
446 3035 468 3085 1.
486 3038 565 3108 p.57,
583 3063 618 3076 -
653 3034 781 3106 Quorum
789 3033 930 3101 Moenia]
948 3051 971 3086 s.
985 3030 1090 3088 Libii.

187 3103 256 3175 Cap.
265 3099 325 3153 Vll.
343 3099 423 3156 Anm.
438 3103 463 3159 3.
487 3133 524 3146 -
564 3120 747 3170 magnacum
762 3103 944 3167 auctoritate]
970 3099 1018 3154 mit

188 3191 257 3225 mem
271 3167 448 3230 Nemorosi,
472 3171 521 3224 mit
535 3169 650 3226 sicberer
662 3167 779 3223 Gew'a'hr
794 3169 879 3236 (eines
890 3168 1028 3240 giinstigen
1066 3189 1090 3223 r·

185 3240 274 3310 folgs).
286 3265 324 3282 -·
355 3259 420 3292 oum
429 3242 576 3293 bominum
588 3241 779 3302 multuudme]
799 3238 824 3291 d.
838 3238 866 3291 b.
880 3238 908 3292 in
919 3238 1090 3310 Verbindung

39 3366 44 3375 Ι
111 3369 117 3377 x
186 3308 245 3361 mii.
270 3337 318 3352 --
347 3311 440 3363 omnis
457 3311 563 3380 annos]
588 3305 722 3362 ostdriieb
742 3307 848 3370 relativ,
871 3307 913 3360 die
934 3307 1016 3362 Reibs
1035 3326 1088 3361 ron

121 3378 125 3384 ”
185 3374 297 3439 lairen,
314 3378 441 3433 w'a'brsnd
459 3377 575 3432 weieber
590 3376 724 3431 sertorius
740 3375 797 3430 sich
811 3377 841 3429 in
854 3375 971 3448 Spanien
983 3374 1089 3430 beiand.

99 3535 102 3541 -
184 3445 604 3580 nm‘tm'lmt'tiib‘d}
618 3443 1089 3570 i‘idi‘ii‘ssqbfff‘bib·

106 3572 111 3613 '.
185 3609 221 3623 -
262 3585 459 3653 intercludere]
492 3586 558 3641 iiber
577 3584 619 3637 die
638 3535 871 3640 Consu-ustionps.
893 3583 950 3637 Lib.
970 3584 993 3640 1.
1019 3581 1086 3655 cap.

183 3648 445 3725 xnvfflmnms.
463 3683 500 3698 -
533 3652 683 3727 Quodubs]
703 3654 806 3737 Zumpt
822 3657 849 3718 §.
862 3655 923 3714 8OE.
940 3678 975 3692 -
1007 3655 1089 3704 amo·

165 3764 169 3772 ,
183 3720 221 3790 es]
245 3718 292 3774 der
303 3721 407 3843 Regiis
415 3723 461 3777 des
474 3725 602 3781 Kinnens
616 3723 678 3842 liept
692 3723 720 3776 in
734 3722 820 3776 facile.
841 3748 879 3767 ο·-
901 3718 1006 3774 ‘minus
1019 3736 1094 3800 soma

183 3791 279 3859 mode]
305 3806 326 3843 s.
367 3808 410 3860 sp.
426 3792 500 3846 xlu.
525 3811 560 3845 nu
577 3791 720 3846 denseben
735 3790 865 3848 Worten.
886 3818 922 3833 -
961 3790 992 3840 in
1013 3790 1088 3855 does]

185 3858 288 3944 Zumpt
301 3861 332 3929 §.·
344 3859 407 3919 315.
425 3862 493 3931 (zer
503 3861 622 3933 ΑΜ.)
643 3859 743 3922 schulz
754 3863 781 3929 i·
797 3859 856 3922 104»
873 3859 924 3917 Nr·
936 3859 969 3921 l,
985 3859 1013 3916 2·
