2310 4154
315 180 319 264 j
414 90 642 263 uir-ua
685 147 779 224 vu.
995 107 1083 224 [aaa

110 324 222 398 ductis
244 324 352 415 copiis
373 320 451 395 anta
465 322 626 421 oppidum
644 323 824 413 considunt
838 328 875 394 ct
883 342 1078 415 proxumam

108 416 235 480 fossam
256 413 406 480 cratibus
432 415 587 500 integunt
605 419 705 503 atque
728 434 850 501 aggere
870 415 1005 503 explent
1024 437 1084 484 ses
1143 460 1146 465 -

109 523 175 589 que
196 499 238 567 ad
258 501 318 566 eru
343 503 466 568 tionem
483 510 584 590 atque
598 500 711 568 omnes
726 504 824 568 casu's
841 509 1046 590 comparent.

192 585 295 655 Lxx
332 637 341 658 .
384 588 512 658 Caesar
541 589 632 655 omni
653 589 804 657 exercitu
832 587 877 655 ad'
896 595 1074 678 utramque

107 681 238 765 partem
262 675 479 748 munitionum
499 669 686 765 dispositc,'
710 681 765 758 ut,
787 675 824 742 si
847 692 929 743 usus
952 681 1075 759 veniat,

108 784 205 828 suum
229 764 370 850 quisque
389 765 497 847 locum
521 771 635 829 teneat
654 769 691 830 et
710 763 859 845 noverit,
886 763 1074 852 equitatum
1119 838 1120 843 ἵ

77 844 80 905 ἔ
105 852 282 917 excestria
303 849 399 917 educi
419 853 637 940 etproelium
658 851 823 917 committi
838 849 945 920 iubet.
979 849 1075 933 ¹Erat

104 957 146 1003 ex
169 937 320 1009 omnihus
339 938 481 1021 castris,
501 961 587 1027 quae
607 960 771 1005 summum
790 936 938 1027 undique
955 937 1072 1024 iugum

104 1025 276 1108 tenebant,
298 1023 477 1117 despectus
498 1033 600 1115 atque
621 1026 765 1092 omnium
785 1026 930 1093 militum
948 1024 1072 1094 intenti

104 1111 205 1178 animi
222 1116 353 1202 pugnae
368 1120 565 1203 proventum
581 1113 830 1204 exspectabant.
873 1111 966 1182 Galli
982 1113 1073 1180 inter

77 1199 233 1286 ‘equites
259 1214 355 1266 raros
376 1201 571 1286 sagittarios
594 1200 767 1291 expeditos
791 1222 834 1267 ue
851 1200 947 1268 ‘leuis'
962 1210 1090 1268 arma-¹

100 1291 199 1352 turae
214 1287 468 1368 interiecerant,
486 1289 630 1374 quisuis
647 1287 777 1354 cedent
803 1310 843 1353 us
858 1287 981 1355 auxilio
995 1308 1072 1355 auc-

99 1380 334 1453 currerentet
348 1381 552 1440 'nostrorum
580 1375 730 1461 equitum
752 1374 900 1460 impetus
923 1375 1071 1441 sustine-

102 1467 190 1526 rent
240 1459 299 1527 Ab
325 1460 378 1526 his
407 1463 597 1549 complures
620 1458 669 1524 de
696 1461 885 1547 improuiso
902 1463 1071 1529 vulnerati

101 1546 229 1634 proelio
259 1545 473 1617 excedebant.
523 1544 606 1612 Cum
631 1568 711 1612 auos
735 1567 847 1635 pugna
875 1549 1069 1636 superiores
1128 1571 1152 1611 ·.

101 1654 177 1700 esse
191 1626 283 1702 Galli
302 1632 508 1709 confiderent
522 1639 558 1698 ct
572 1640 707 1700 nostros
728 1632 943 1707 multitudine
960 1635 1069 1722 premi

102 1721 272 1802 viderent,
292 1743 333 1788 cx
348 1721 500 1788 omnihus
517 1721 673 1809 partibus
688 1727 723 1786 et
738 1720 781 1803 ii,
803 1721 862 1808 qui
875 1723 1068 1788 munitioni-

88 1807 164 1877 ,hus
184 1809 458 1889 continebantur,
479 1814 514 1874 et
532 1808 575 1890 ii,
596 1806 655 1898 qui
669 1806 715 1873 ad
729 1808 889 1874 auxilium
907 1831 1067 1877 convene-

98 1904 196 1977 rant,
213 1899 358 1962 clamore
379 1903 415 1961 et
433 1897 565 1962 ululatu
588 1916 724 1962 suorum
744 1895 872 1962 animos
892 1897 1072 1965 confirma.

98 1983 192 2051 bant.
244 1982 346 2070 Quod
373 1982 407 2049 iu
433 1987 613 2071 conspectu
634 1981 780 2049 omnium
805 2005 861 2049 res
885 1983 1067 2069 gerebatur

60 2142 65 2156 1
96 2091 204 2159 neque
217 2077 307 2139 recte
321 2092 358 2136 ac
369 2071 521 2160 turpiter
531 2071 656 2137 factum
669 2070 773 2135 celari
788 2078 932 2157 poterat,
951 2079 1065 2139 utros·

96 2180 164 2244 que
184 2166 221 2224 ‘et
239 2156 350 2224 laudis
372 2157 540 2248 cupiditas
556 2165 592 2223 et
610 2157 713 2222 timor
725 2158 926 2242 ignominiae
938 2157 981 2225 ad
996 2159 1074 2247 virs-4

95 2253 201 2312 tutem
222 2236 422 2313 excitabant.
471 2242 556 2314 Cum
581 2267 601 2311 a
622 2243 761 2310 meridie
784 2267 890 2334 prope
913 2245 1064 2338 adactis

96 2355 250 2419 occasum
274 2333 376 2398 dubia
396 2332 537 2400 victorie
563 2339 787 2422 pugnaretur,
817 2331 976 2400 Germani
997 2355 1086 2407 une,

87 2421 130 2485 >in
158 2427 255 2507 parte
276 2419 434 2485 confertis
454 2419 575 2489 turmis
597 2420 633 2482 in
653 2418 767 2482 hostes
790 2418 952 2506 impetum
976 2419 1063 2486 iace
1131 2441 1134 2456 ²

95 2516 176 2573 runt
196 2527 319 2592 eosque
343 2507 584 2592 propulerunt3
612 2500 736 2591 quihus
762 2501 797 2569 in
818 2503 931 2590 fugam
951 2505 1062 2571 conie-

96 2595 161 2661 ctis
178 2591 348 2677 sagittarii
361 2591 575 2658 circumventi
589 2589 823 2677 interfectique
840 2597 930 2661 suut.
973 2591 1059 2660 Item

94 2684 135 2748 ex
150 2679 290 2784 reliquis
304 2679 456 2768 partibus
471 2679 579 2744 nostri
594 2675 751 2744 cedentes
769 2699 876 2765 usque
891 2678 934 2744 ad
948 2687 1062 2746 castra
1093 2761 1096 2765 ι

92 2767 306 2837 insecutioni
320 2766 705 2851 colligendifacultatem
716 2786 781 2832 non
797 2763 971 2836 dederunt.
1006 2768 1062 2834 At

70 2938 73 2945 ἱ
92 2857 139 2938 ii,
180 2856 215 2921 ui
235 2846 276 2920 ab
291 2853 411 2921 Alesia
433 2860 681 2943 processerant,
702 2853 822 2920 moesti
834 2864 939 2959 propa
954 2853 1059 2924 vieto-

93 2943 145 3011 ria
157 2880 223 3010 des
248 2951 340 3007 erata
353 2962 391 3007 se
405 2940 440 3006 in
453 2940 612 3029 oppidum
628 2948 839 3030 receperunt.
1039 3018 1042 3024 ,

178 3030 208 3097 1.
245 3028 346 3097 XXI.
389 3026 467 3095 Uno
484 3029 538 3095 die
557 3028 749 3095 intermisso
765 3028 858 3096 Galli
877 3033 977 3116 atque
995 3028 1058 3093 hoc
1083 3079 1085 3086 s

93 3119 205 3206 spatio
227 3138 345 3202 magno
365 3118 526 3199 cratium,
546 3116 729 3197 scalarum,
751 3117 977 3205 harpagonum
996 3135 1059 3180 nu·

88 3226 185 3285 smero
205 3203 322 3271 effecta
344 3202 451 3270 media
471 3210 569 3271 nocte
587 3203 719 3269 silentio
736 3226 774 3271 ex
791 3203 914 3270 castris
929 3202 1058 3290 egressi

92 3288 136 3359 ad
158 3299 361 3382 campestres
391 3288 791 3375 munitioneaaccedunt.
841 3289 962 3358 Subito
988 3291 1057 3358 cla·

1109 1429 1131 1477 Χ

89 3463 290 3482 ιι--ν--ψ-

125 3564 164 3620 Ca
187 3561 315 3618 .Lxxx.
349 3572 376 3615 et
397 3566 492 3632 laudm
505 3566 644 3632 cupiditas
661 3564 1015 3628 attimar-excitabant]
1032 3583 1054 3615 s.
1136 3612 1139 3629 ,

159 3581 260 3700 Zumpt
274 3634 300 3696 ὅ.
313 3633 371 3690 373.
388 3645 450 3688 extr.
472 3631 569 3686 Schulz
582 3638 607 3701 §.
620 3636 662 3695 72.
688 3635 738 3690 Nr.
751 3635 784 3696 2,
801 3633 829 3690 8-
853 3660 888 3674 -·
919 3636 969 3686 sni
982 3633 1055 3685 colti-

156 3703 253 3770 gendo]
273 3719 293 3751 s.
311 3702 413 3771 Zumpt
428 3705 452 3766 §.
465 3704 526 3759 660.

123 3769 187 3840 cap.
202 3767 297 3823 LXXI.
331 3769 396 3823 Uno
412 3773 471 3844 dic]
490 3771 534 3826 ein
550 3770 627 3856 Terg,
644 3771 691 3827 ein
706 3768 775 3825 daim
794 3787 827 3822 u.
838 3766 888 3843 der
900 3765 932 3818 X.
942 3759 1029 3845 ῇῐκῑὶ
1043 3771 1090 3820 gc·

66 3850 72 3860 ·
152 3836 286 3894 woiniicia
299 3836 385 3897 durch
399 3840 452 3901 den
465 3841 623 3916 Singularis
638 3843 716 3900 cirne
725 3858 806 3897 unus
818 3851 908 3908 unet*
923 3825 1024 3884 ‘'W‘’
