2310 4154
231 187 235 196 ,
379 80 878 273 rinnandins
987 137 1061 210 noa

175 314 240 386 Ν.
284 311 411 386 Caesar
432 308 598 381 militibus
616 333 678 405 pro
699 318 794 399 tanto
807 311 928 380 labore
945 333 984 379 ae
998 334 1060 403 pa.

91 406 229 487 mentia,
249 405 308 492 qui
319 402 528 469 brumalibus
544 401 681 482 diebus,
702 400 881 467 itineribus
898 399 1060 469 difficilli-

55 512 60 521 “
93 495 178 572 mis,
199 491 382 577 frigoribus
403 488 621 576 intolerandis
641 486 1082 578 studiosissimepermaun
1108 558 1123 572 κ

94 585 210 646 serant
224 581 258 644 in
274 577 406 658 lab‘or'e,
428 577 572 644 ducenos
593 577 786 656 sestertios,
808 576 1059 645 centurionibus
1147 660 1148 665 ἵ

94 690 121 732 ιι
138 669 229 732 milia
242 686 408 732 nummum
424 664 569 753 praedae
583 663 712 729 nomina
727 661 941 730 condonanda
956 664 1059 753 polli-

94 763 190 819 cetur
210 752 469 839 legionibusque
484 753 518 817 in
540 751 679 818 hiberna
697 752 849 817 remissis
861 751 940 839 ipse
953 772 991 818 se
1003 771 1062 817 ree
1080 761 1081 768 ’
1122 804 1125 817 ,

94 841 179 928 cipit
198 840 251 906 die
267 835 374 907 xxxxi
389 837 559 906 Bibracte.
603 836 657 910 Ibi
675 860 750 904 cum
764 840 817 904 ius
835 836 978 921 diceret,
993 837 1061 906 Bi·
1132 880 1135 885 -

94 930 226 1013 turiges
254 926 297 992 ad
324 942 398 992 cum
421 930 553 1011 legatos
572 927 711 991 mittunt
735 925 893 992 auxilium
915 927 1061 1030 petitum
1149 973 1151 981 -

94 1025 210 1082 eontra
224 1012 408 1094 Carnutes,
429 1036 514 1099 quos
533 1014 690 1079 intulisse
712 1013 836 1080 bellum
858 1012 925 1078 sibr
939 1035 1062 1101 quere-

94 1103 229 1170 bantur.
274 1099 352 1186 Qua
373 1122 411 1165 re
429 1101 655 1186 cognitarum
669 1121 734 1166 non
749 1100 893 1189 amplius
913 1121 937 1165 x
949 1109 984 1167 et
996 1117 1063 1168 tur

96 1187 169 1255 dies
188 1191 224 1253 in
240 1187 390 1252 hibernis
409 1195 501 1253 esset
516 1195 757 1268 commoratus,
779 1188 927 1272 legiones
943 1209 1014 1256 xor.
1026 1195 1080 1255 et
1145 1215 1149 1222 ·

95 1298 143 1345 rr.
161 1297 200 1339 en
213 1272 360 1339 bibernis
377 1272 419 1338 ab
433 1273 546 1341 Arare
562 1274 697 1353 educit,
718 1295 802 1361 quas
817 1275 866 1342 ibi
881 1276 1064 1343 collocatas

80 1435 82 1441 ,
96 1359 310 1450 explicandae
329 1359 379 1425 rei
389 1352 638 1433 xfrumentariae
653 1383 773 1427 caussa
785 1383 825 1426 scr
851 1362 958 1428 eriore
973 1386 1066 1431 com·
1094 1398 1097 1403 ·

97 1448 260 1516 mautario
276 1445 538 1522 demonstratum
553 1456 618 1518 est.
658 1445 713 1513 Ita
726 1468 800 1513 eum
829 1449 945 1531 ⁸nabus
958 1452 1066 1538 legin

99 1537 198 1603 nibus
214 1533 257 1600 ad
271 1531 702 1623 persequendoscarnutes
715 1534 954 1624 proficiscitur.
976 1604 980 1611 ,
1105 1556 1113 1568 ’

182 1650 230 1720 V.
274 1649 359 1721 Cum
379 1652 466 1717 fama
484 1650 650 1718 exercitus
663 1650 707 1717 ad
719 1651 834 1718 bostes
848 1660 939 1718 esset
952 1652 1065 1741 perla-
1095 1711 1097 1714 .
1150 1644 1152 1651 ’

99 1746 153 1821 ta,
180 1739 373 1806 calamitate
401 1746 587 1806 ceterorum
615 1737 896 1807 ductiGarnntes
920 1739 1066 1807 desertis
1108 1736 1111 1747 '
1148 1776 1152 1781 -

99 1827 183 1895 vicis
216 1826 434 1917 oppidisque,
468 1850 554 1915 quae
577 1824 771 1897 tolerandae
798 1826 917 1896 hiemis
945 1848 1067 1894 caussa
1133 1835 1134 1839 ’

99 1915 295 1981 constitutis
318 1920 455 2003 repente
478 1915 608 2000 exiguis
631 1914 675 1980 ad
692 1914 927 1980 necessitatem
950 1913 1067 1987 aediti-
1109 1916 1130 1970 .’

68 2049 71 2053 ·
103 2001 165 2068 ciis
181 1999 370 2067 incolebant
388 2038 431 2052 —
449 2022 557 2090 nuper
571 2003 658 2068 enim
678 1999 801 2068 devicti
820 2003 993 2091 complura
1007 2023 1069 2090 op*
1136 2064 1139 2071 .

100 2088 182 2178 pide
202 2087 400 2155 dimiserant
419 2126 481 2168 -,
511 2088 658 2176 dispersi
679 2088 885 2177 profugiunt.
940 2086 1077 2157 Caesar

62 2250 67 2255 ⁵
100 2172 312 2263 erumpentes
332 2199 371 2242 eo
395 2175 545 2241 maxume
565 2185 715 2265 tempore
738 2175 920 2242 acerrimas
942 2183 1071 2264 tempe·

71 2334 79 2341 ,
102 2272 209 2332 states
230 2285 306 2330 eum
325 2263 438 2333 subire
460 2263 584 2339 milites
603 2265 728 2344 nollet,
749 2265 785 2328 in
800 2261 922 2352 oppido
938 2260 1070 2331 Garun-

101 2359 173 2418 tum
189 2351 324 2417 Genabo
339 2359 451 2417 eastra
466 2352 562 2438 ponit
575 2359 677 2438 atque
692 2353 727 2415 in
743 2358 833 2414 tecta
850 2350 972 2434 partim
988 2348 1071 2416 Gal-

78 2499 85 2516 ,
103 2440 231 2516 lorum,
255 2438 382 2525 'partim
405 2442 491 2523 qu'ae
514 2439 674 2501 coniectis
696 2436 852 2502 celeriter
873 2435 1071 2523 stramentis
1078 2480 1080 2485 π

104 2523 325 2590 tentoriorum
352 2520 602 2606 integendorum
630 2523 740 2608 gratia
762 2527 858 2587 erant
880 2520 1072 2611 inaedifica-

104 2619 161 2691 ta,
176 2629 177 2632 ’
191 2608 316 2674 milites
339 2609 503 2693 contegita
516 2608 666 2695 ‘equites
687 2615 798 2674 tamen
820 2615 856 2674 et
869 2609 1071 2690 auxiliarios

131 2695 237 2764 edites
257 2695 293 2760 in
309 2716 422 2762 omnes
433 2701 549 2784 partes
565 2697 690 2777 mittit,
708 2716 923 2783 quascunque
940 2697 1072 2784 petisse

105 2722 450 2865 dicebantur'hostes3
469 2784 687 2863 necdrustra:
701 2805 777 2848 nam
791 2784 988 2873 plerumque
1001 2806 1072 2852 ma·

67 2946 70 2951 ¹
107 2892 172 2958 gna
184 2869 309 2960 praeda
323 2869 424 2958 potiti
434 2869 542 2935 nostri
554 2876 779 2940 revertuntur.
810 2870 977 2958 Oppressi
985 2871 1084 2941 Car-⁵
1135 2910 1137 2915 =

106 2969 206 3026 nutes
225 2958 347 3044 ¹hiemis
369 2955 567 3035 difficultate
583 2967 713 3024 terrore
728 2957 870 3047 periculi
882 2980 956 3023 oum
966 2958 1073 3039 ,tectis

109 3047 240 3137 expulsi
261 3046 354 3113 nullo
375 3046 451 3110 loeo
471 3043 600 3111 diutius
621 3044 806 3115 consistere
826 3043 990 3112 auderent
1010 3065 1073 3113 neo

109 3135 270 3202 silvarum
299 3131 467 3219 praesidio
497 3132 754 3221 tempestatibus
782 3132 974 3198 durissimis
1000 3131 1083 3221 tegi,

109 3226 265 3308 possent,
278 3219 431 3306 =dispersi
450 3241 569 3305 magna
589 3225 688 3310 parte
706 3219 830 3287 amissa
850 3237 988 3286 suorum
1003 3217 1075 3291 dib

111 3309 266 3397 eipantur
278 3307 313 3373 in
327 3307 497 3373 finitumae
511 3307 684 3401 civitates.-

140 3414 142 3419 ’
198 3423 261 3494 VI.
306 3422 432 3494 Caesar
452 3432 602 3514 tempore
621 3424 698 3492 anni
716 3422 916 3505 difficillimo
931 3445 1004 3489 eum
1019 3443 1078 3490 sa·

109 3512 157 3581 tis
176 3512 315 3579 haberet
335 3514 566 3579 convenientes
586 3532 703 3580 manus
717 3511 902 3600 dissipare,
927 3506 1078 3598 nequod

110 3601 242 3675 initium
270 3599 353 3665 belli
379 3607 591 3681 nasceretur,
628 3599 919 3688 quamnquam
945 3600 1099 3664 ratione

112 3696 222 3770 esset,
247 3689 455 3775 exploratum
482 3687 621 3754 haberet
637 3687 701 3755 sub
722 3694 856 3774 tempus
875 3687 1095 3751 aestimem

112 3778 241 3847 nubum
267 3794 430 3847 summum
459 3774 598 3848 bellum
614 3797 722 3887 posse
744 3773 931 3857 sonituum,
946 3759 1119 3830 mu·
