2310 4154
192 92 195 104 ’
290 126 770 214 'cruram
932 103 1084 251 ‚aos'

56 322 119 412 pit,
139 314 230 407 quod
243 313 406 383 aestivum
414 319 548 404 tempue
560 313 720 381 instantis
731 310 825 397 belli,
845 335 1044 406 nonquam·
1098 328 1100 335 '
1127 327 1130 343 ¹

56 411 177 476 ationis
190 425 264 471 esse
278 401 518 469 arbitrabatur.
560 400 747 468 Obsidibus
758 402 802 467 im
828 405 1021 479 cratiacen-

56 505 128 562 tum
150 494 212 560 bos
228 489 619 575 Aeduis'cuetodiendoe
634 489 751 557 tradit.
795 425 920 557 lindam
935 491 1021 561 Gar·

57 589 156 648 nutes
185 583 315 664 legatos
342 575 543 662 obsidesque
564 577 702 662 mittunt
720 576 775 642 usi
795 576 1020 666 deprecatori-
1121 658 1124 663 Ι

56 667 275 746 husiconis,
305 660 444 750 quorum
465 669 559 728 erant
581 664 615 733 in
637 664 811 744 clientela3
839 665 954 744 cadem
970 667 1020 739 fe.
1057 694 1059 701 ·
1121 684 1129 727 ·.

56 763 138 821 runt
160 758 333 841 responsa.
376 748 515 836 Peragit
535 751 709 817 concilium
730 749 856 820 Caesar
874 753 1020 842 equites·
1129 758 1132 763 '

55 865 121 931 que
137 843 279 930 imperat
293 837 497 928 civitatibus.
613 854 615 860 ·
1039 867 1048 879 ν
1094 872 1098 879 ’

61 959 64 963 ·
142 927 187 997 V.
229 925 304 994 Hac
323 935 420 1015 parte
443 925 574 991 Galliae
596 930 715 1011 pacata
736 930 830 1015 totus
851 933 887 993 et
910 932 1020 993 mente

58 1023 95 1084 et
108 1017 216 1081 animo
239 1016 276 1103 in
295 1012 420 1078 bellum
435 1012 652 1081 Trevirorum
666 1004 701 1103 eb
714 1013 1021 1100 Ambiorigieinei-

56 1105 132 1172 stit.
161 1101 360 1169 Cavarinum
376 1122 451 1165 cum
468 1100 620 1188 equitatu
636 1098 802 1167 Senonum
814 1098 926 1172 aecum
940 1123 1020 1191 pro-
1068 1129 1070 1133 ’

57 1191 165 1258 ficisci
186 1190 297 1267 iubat,
324 1210 366 1254 ne
387 1189 464 1274 quie
479 1195 537 1255 aut
554 1209 593 1252 ex
605 1187 705 1252 buius
719 1184 891 1254 iracundia
904 1197 964 1255 aut
979 1209 1020 1255 ex

57 1300 98 1345 eo
128 1275 218 1364 quod
248 1283 416 1340 meruerat
451 1260 528 1340 odio
562 1275 708 1340 civitatis
744 1284 855 1342 motus
883 1280 1030 1343 existat.
1101 1330 1103 1343 .

56 1364 124 1430 His
144 1363 247 1427 rebus
265 1359 459 1426 constitutis
480 1359 570 1446 quad
587 1384 649 1446 pro
672 1367 844 1449 explorato
865 1364 1021 1444 babebat,

57 1449 291 1533 Ambiorigem
308 1448 437 1534 proelio
458 1468 524 1511 non
539 1468 614 1511 ease
627 1458 913 1530 concertaturum,
940 1451 1022 1516 reli·
1046 1478 1050 1485 ¹

57 1543 126 1626 q'ua
139 1537 211 1602 eius
224 1535 363 1601 consilia
376 1534 484 1598 animo
497 1532 798 1619 circumspiciebat.
833 1531 938 1603 Erant
949 1536 1023 1602 bde-
1109 1570 1112 1579 ,

57 1624 150 1712 napii
167 1621 346 1710 propinqui
360 1619 551 1686 Eburonum
567 1619 709 1700 finibus,
735 1624 908 1709 perpetuis
926 1626 1023 1711 palu·
1114 1656 1117 1661 ·

15 1738 22 1755 ·
57 1713 159 1779 dibus
181 1710 343 1796 silvisque
363 1708 503 1788 muniti,
533 1706 592 1794 qui
609 1707 668 1773 uni
682 1716 727 1772 'ex
747 1708 859 1782 Gallia
874 1709 920 1776 de
940 1732 1021 1798 pace

24 1832 26 1836 >
59 1800 105 1866 ad
128 1798 306 1869 Gaesarem
322 1797 453 1882 legates
473 1815 639 1882 nunquam
660 1794 835 1866 miserant.¹
876 1796 962 1867 Cum
976 1798 1021 1864 iis

58 1909 136 1954 esse
147 1886 331 1974 hospitium
342 1883 537 1966 Ambiorigi
552 1881 696 1962 sciebam
724 1883 804 1950 item
825 1907 887 1972 per
900 1885 1022 1952 Trevi-
1049 1877 1057 1894 ’
1136 1959 1138 1962 ,

58 1968 901 2055 rosvenieseiiermanisinamicitiamcognoverat.
924 1972 1021 2056 ¹Haec
1079 2011 1083 2021 =

84 2062 155 2126 rius
167 2061 222 2127 illi
235 2056 438 2125 detrahenda
447 2056 898 2145 auxiliaexietimabatquam
910 2061 1021 2150 ipsum
1072 2102 1084 2119 2

27 2220 29 2225 ,
57 2085 150 2218 bello
170 2148 371 2227 lacesseret,
398 2167 441 2212 ne
455 2143 632 2234 desperata
647 2146 758 2211 salute
775 2153 834 2211 aut
850 2170 887 2213 ee
902 2148 937 2213 in
949 2147 1023 2214 Me·

38 2238 179 2326 ‘rapies
202 2232 340 2300 abderet
359 2242 418 2300 aut
436 2254 510 2299 cum
531 2233 780 2299 transrhenanis
795 2235 953 2320 congredi
966 2258 1023 2319 cp·

60 2332 207 2411 geretur.
250 2320 325 2390 Hoc
338 2320 422 2388 inito
435 2321 574 2388 coneilio
588 2320 692 2386 totius
706 2322 870 2388 exercitus
882 2323 1024 2413 impedi-

56 2477 263 2496 ..ιιι-ιιι·-

97 2582 162 2651 Cap.
173 2577 222 2630 IV.
255 2579 392 2629 aestiuum
404 2586 515 2642 tempus
528 2578 664 2628 instantis
676 2579 749 2637 delii,
766 2593 825 2629 non
837 2578 1024 2644 quaestionis]

130 2669 152 2700 s.
169 2648 239 2699 Zuro
260 2655 270 2696 t
292 2648 317 2710 §.
331 2647 392 2700 767.
420 2645 518 2698 Schulc
535 2646 617 2709 §.93.
634 2644 683 2696 Nr.
701 2648 749 2706 10,
768 2647 792 2699 1.
819 2643 908 2715 Vergl.
923 2644 983 2699 Lib.
999 2646 1025 2699 1.

133 2716 201 2785 Cap.
268 2712 289 2764 1.
313 2716 395 2784 pao,
419 2741 456 2754 -
489 2713 639 2765 Obsidibus
657 2714 940 2778 imperattsccntum,
960 2716 1025 2789 bos]
1083 2750 1088 2763 .

130 2784 168 2835 ist'
182 2781 251 2833 diese
265 2779 455 2834 Construction
473 2781 690 2834 nacbcuabmen?
714 2781 743 2834 S.
758 2781 857 2835 schulz
875 2785 900 2848 §.
912 2786 955 2839 80.
975 2785 1027 2840 Nc·

93 2893 97 2907 ,
132 2857 175 2914 13,
190 2855 229 2910 1.,
243 2849 354 2903 wonaeb
364 2851 433 2901 Zum
456 2851 568 2914 t§.640.
577 2869 695 2920 gennuae
706 2869 740 2902 zu
753 2851 916 2913 bestimmen.
935 2851 1027 2922 vergi.
1080 2901 1099 2919 ,ἱ

77 2941 80 2945 ’
132 2869 583 2990 Lib.1.cap.lxxxvi11.p.38.
608 2949 643 2960 --
675 2923 902 2986 deprecatoribus
915 2921 1025 2986 Remus]

132 3010 152 3046 s.
168 2991 268 3059 Zumpt
283 2991 309 3051 §.
324 2990 383 3042 102.
400 2990 426 3052 §·
438 2987 498 3043 644.
524 2985 621 3040 schulz
640 2991 666 3052 §.
677 2991 720 3045 80.
737 2987 889 3051 Nr-18,4.

97 3057 165 3130 Cap.
175 3055 208 3108 V.
241 3065 316 3109 totus
334 3066 361 3108 et
378 3066 471 3109 mente
485 3067 512 3109 et
525 3057 635 3125 απὺηο]
658 3057 709 3109 wie
722 3056 853 3110 verbalten
868 3056 925 3110 sich
939 3066 1027 3110 mente

133 3127 188 3179 und
212 3125 302 3177 animo
325 3142 360 3176 zu
378 3123 504 3179 einander
518 3126 572 3177 und
590 3142 744 3178 zusammen
761 3143 795 3178 zu
813 3125 903 3178 totus?
926 3150 963 3165 -
995 3128 1027 3178 in

132 3193 404 3264 bellum-insutu]
420 3213 443 3248 c.
458 3196 560 3262 Zumpt
575 3198 600 3267 §.
615 3193 676 3249 416.
688 3223 736 3240 »-
767 3197 832 3246 adab
849 3194 980 3265 aiebatis]
1004 3213 1028 3248 s.

133 3261 191 3314 Lib.
208 3263 231 3316 1.
250 3262 317 3333 cap.
338 3262 373 3315 11.
392 3282 418 3334 p.
432 3266 459 3320 3.
493 3263 584 3317 Ueber
602 3261 645 3315 dic
663 3258 832 3332 umgeirebrte
845 3260 967 3329 Stetlung
980 3260 1027 3316 der

133 3329 256 3383 Genitive
267 3330 348 3384 huius
361 3329 417 3382 und
430 3332 539 3386 civitatis
552 3351 572 3384 s.
588 3330 686 3385 Sebuiz
704 3336 729 3395 §.
742 3332 802 3388 106.
820 3329 867 3382 Nr·
883 3332 931 3394 16,
948 3333 974 3387 5·
992 3360 1027 3375 ·-

133 3399 260 3462 Menapii
277 3402 433 3467 propinqui
451 3400 749 3469 Eburonum'finibus]
772 3418 793 3451 s.
809 3399 911 3470 Zumpt
925 3402 950 3463 §.
965 3402 1026 3454 767.
1098 3454 1101 3461 ,

136 3485 171 3518 zu
186 3466 268 3527 Eudo..
292 3466 432 3531 Schulz>§.
446 3472 488 3528 93.
506 3471 554 3524 Nc.
570 3474 616 3527 10,
630 3471 657 3522 2.
675 3498 712 3512 --
743 3471 1028 3538 asceacognouerae]
1103 3533 1105 3537 ‚

134 3533 298 3602 Auslessung
311 3535 355 3586 des
368 3536 489 3592 Subiecta
503 3537 575 3588 baim
593 3535 723 3595 infinitir,
740 3554 761 3587 c.
776 3536 836 3589 Lib.
851 3534 874 3589 l.
891 3537 956 3608 Cap.
965 3536 1027 3588 Vll.
1067 3548 1069 3553 ’

136 3623 163 3679 p.
173 3606 198 3658 6.
216 3627 250 3643 -
283 3606 444 3675 lacesseret]
460 3626 481 3659 s.
497 3606 563 3674 Cap·
578 3605 628 3660 111.
644 3634 680 3645 -
711 3605 1027 3674 abderctss-ccgerctur]

134 3651 270 3727 Wecbsei
289 3669 334 3722 des
353 3670 484 3728 Subiects.
500 3672 642 3728 *Welches
650 3672 809 3737 ¹Pronomen
822 3679 927 3727 miisste
937 3673 1036 3724 binm-

133 3740 223 3824 gesugt
245 3739 379 3821 werden&
391 3761 438 3796 um
455 3743 528 3800 beim
545 3743 660 3802 uueiteu
675 3741 733 3799 den
747 3744 834 3802 Cicer
843 3741 997 3809 besbicum&
1008 3733 1057 3797 ab*
1128 3783 1130 3787 r

130 3810 240 3865 bubiect
255 3826 289 3864 au
307 3807 486 3871 bezercbnen?
918 3853 921 3856 «
