2310 4154
96 168 164 211 ·.
384 154 729 267 paraenet.
820 204 823 209 -
938 157 1040 257 ¹atr

70 330 329 402 administrandi
354 324 414 401 aut
436 322 619 400 auxiliandi
640 331 795 407 dabatur.
848 328 1040 421 Compluri-

68 422 138 487 bus
168 422 306 488 navibus
330 422 449 489 fractis
475 423 629 508 reliquae
654 442 729 486 cum
757 427 871 486 essent
891 422 1040 501 funibus,

60 509 205 574 vancoris
221 510 431 597 'reliquisque
445 504 660 575 armamentis
675 506 809 591 amissis
823 506 864 573 ad
882 508 1039 591 navigan-

71 595 152 659 dum
175 597 328 678 inutiles,
358 619 493 682 magna,
530 595 567 660 id
588 594 678 682 quod
696 616 832 660 necesse
855 602 930 659 erat
947 596 1038 665 ,acei-

65 681 169 765 dere,
191 686 296 751 totius
312 686 480 751 'exercitus
499 683 710 771 perturbatio
724 683 814 747 lacta
829 690 899 763 est3
928 702 1038 768 neque

67 769 162 835 enim
176 790 285 837 :naves
310 781 408 840 erant
431 771 535 851 aliae,
559 770 683 857 quibus
701 769 869 859 reportari
886 774 1038 857 possent,

68 864 104 921 et
118 859 226 923 omnia
242 857 390 943 deerant,
413 862 499 946 quae'
514 856 557 923 ad
572 857 768 922 reficiendas
781 876 839 922 eas
854 857 1038 936 usui‘sunt,

66 950 121 1024 et,
142 943 232 1030 quod
246 947 398 1014 omnibns
416 946 591 1012 constabat
607 945 747 1011 hiemari
763 942 798 1008 in
812 942 923 1009 Gallia
937 964 1037 1030 opor-

66 1037 158 1112 tere,
185 1032 390 1103 frumentum
410 1034 464 1100 bis
484 1035 520 1100 in
539 1033 624 1100 locis
644 1033 680 1099 in
699 1033 849 1099 hiemem·
862 1031 1035 1118 provisum

65 1125 232 1186 uenerat.
990 1146 994 1153 ·

151 1220 278 1305 XXX„
321 1222 453 1311 Quibus
475 1225 576 1293 rebus
601 1223 746 1312 cognitis
768 1221 937 1312 principes
955 1218 1036 1285 Bri-

65 1309 219 1387 tanniae,
240 1308 299 1394 qui
314 1319 393 1396 post
409 1315 572 1399 proelium
587 1313 712 1378 iactum
727 1308 770 1377 ad
786 1333 842 1391 ea,
863 1330 949 1397 quiae
962 1308 1042 1374 ius··

65 1404 160 1460 serat
182 1393 328 1474 Caesar,
351 1398 753 1477 faciendaconvenerant,
774 1400 914 1465 intense
930 1396 1034 1460 collo·

64 1481 137 1546 cuti
164 1502 239 1545 cnm
267 1482 396 1565 equites
416 1492 450 1548 et
469 1505 569 1549 naves
592 1492 626 1548 et
643 1486 847 1549 frumentum
872 1483 1033 1548 Romanis

64 1568 184 1635 deesse
204 1568 433 1652 intelligerent
455 1577 490 1635 et
508 1564 885 1659 paucitatem⁰militum
913 1590 953 1632 ex
978 1589 1033 1632 ca-

64 1663 214 1720 strorum
241 1655 422 1741 exiguitate
450 1662 704 1743 cognoscerent,
736 1676 822 1741 quae
848 1656 909 1720 boo
937 1661 1034 1720 erant

21 1752 24 1759 '
64 1744 171 1826 etiam,
189 1743 401 1827 angustiora,
429 1745 519 1832 quod
543 1747 615 1812 siue
638 1742 886 1834 impedimentis
906 1740 1034 1810 Caesar

63 1831 211 1915 legiones
227 1834 534 1919 transportaverat,
555 1833 717 1922 optimum
733 1832 824 1898 laetu
840 1852 913 1896 esse
929 1828 1033 1896 duxe-

58 1926 147 1983 runt·
167 1916 349 1987 rebellione
379 1921 469 1985 facte
496 1922 662 1986 frumento
690 1927 941 2004 commeatuque
970 1939 1031 1981 no·

64 2014 156 2070 stros
174 2006 359 2091 prohibere'
371 2015 406 2072 et
424 2014 493 2072 rein
508 2010 548 2074 in‘
555 2010 695 2074 hiemem
715 2005 917 2097 producere,
939 2002 1032 2091 quod

61 2094 106 2157 iis
124 2093 295 2182 superatis
314 2103 374 2161 aut
394 2095 507 2162 reditu
519 2098 719 2181 ‚interclusis
733 2093 896 2162 neminem
911 2098 1031 2182 postea

66 2230 361 2262 ““““““-··“·“ν1

96 2316 163 2438 Cap.
176 2316 274 2373 XXIX.
314 2318 776 2386 bdnainistrandi—ancillanda]
807 2320 877 2374 lenes
897 2336 956 2389 mag
976 2335 1029 2370 von
1118 2353 1121 2360 -

146 2404 179 2439 en
192 2386 344 2449 Matrosen,
367 2390 435 2443 dieas
452 2410 503 2444 von
517 2392 586 2445 allen
600 2389 785 2460 lliillslzibigen
799 2387 951 2441 verstanden
963 2404 1029 2437 wer·
1066 2398 1074 2412 ·

128 2453 188 2507 den.
206 2480 240 2493 -
274 2457 304 2506 id
316 2461 403 2529 quod]
426 2461 529 2531 Zumpt
545 2465 571 2524 §.
582 2462 643 2516 871.
659 2489 695 2501 -
729 2461 829 2526 neque]
848 2455 892 2508 hat
903 2454 959 2506 sein
971 2470 1028 2504 cor·

127 2522 347 2593 respondirendes
361 2538 386 2577 et
401 2546 447 2599 vor
460 2528 532 2599 quod
549 2529 675 2580 omnibus
689 2526 832 2580 constabat.
861 2523 914 2576 Die
933 2521 1029 2574 beiden

129 2600 216 2643 ersten
231 2591 307 2642 saue
319 2591 431 2659 geharen
445 2596 473 2649 in
487 2597 555 2649 Eine
567 2597 715 2667 Kategorie.
739 2624 774 2635 -
807 2597 848 2644 act
862 2592 1029 2661 reficiendas

127 2656 192 2778 Eas]
207 2657 274 2739 lissi
287 2658 488 2781 slehlpstiirlich
502 2664 575 2719 nicht
588 2665 638 2747 aul
649 2683 727 2751 apres
739 2662 804 2715 aliae
817 2658 1028 2781 ¹³⁸²³⁸¹¹⁰¹³ieh³⁰¹¹j

126 2736 346 2850 tibitibi
359 2731 1027 2871 iiiiiiJilai?¹'¹-ff³¹¹alliflr²l]⁹lldiii{¹mil}

125 2863 186 2917 Der
202 2863 456 2921 Subiectsaccusativ
473 2871 543 2923 wind
561 2890 650 2941 wegen
663 2872 789 2925 omnibus
801 2865 975 2923 entbebrlich·
991 2890 1027 2907 -

125 2952 177 3058 ἢ
177 2935 389 3059 hlltmcfll1ffir
406 2937 456 2991 den
469 2938 596 2996 Winter.
624 2942 725 3014 Zumpt
748 2944 774 3007 §.
789 2942 851 2997 315.
870 2935 978 3021 ¹Sclruls
999 2936 1026 2998 §.

177 3043 184 3057 .
230 3024 252 3058 r.
333 3042 340 3057 .

94 3071 159 3193 Cep.
173 3071 258 3128 XXX.
289 3044 337 3126 'cx
355 3085 513 3129 castrorum
533 3066 698 3143 exiguitate]
726 3079 794 3131 iiber
812 3076 855 3130 die
872 3073 1026 3142 Bedeutung
1079 3083 1081 3086 ’

146 3140 371 3220 etPraeposition
391 3146 493 3217 Zumpt
511 3150 537 3212 §.
553 3149 614 3203 309.
632 3149 699 3212 (Stes
711 3147 830 3214 Absatz.)
855 3140 943 3211 Vergl.
957 3140 1025 3197 hier·

126 3216 182 3328 mag
198 3210 263 3280 Cap.
284 3210 386 3265 xxltt.
410 3233 437 3285 p.
452 3217 511 3271 135.
530 3234 565 3268 zu
579 3236 608 3270 ex
622 3215 772 3275 Voluseno,
798 3211 854 3266 und
869 3213 935 3282 cap.
949 3209 1023 3263 XIX·

126 3295 158 3396 p:-
186 3279 227 3332 31.
245 3297 278 3329 zu
290 3280 322 3332 ab
335 3280 368 3332 iis
383 3285 511 3352 cognovit
530 3315 567 3327 -
599 3283 879 3350 lace-angustiora,
896 3282 983 3349 quod]
1001 3299 1024 3336 s.

51 3400 54 3407 ,
151 3344 559 3422 1b·1.Cap.xx111.Anm.1.
583 3354 661 3409 Was
682 3354 762 3406 heisst
782 3350 862 3402 etism
882 3348 925 3402 bei
945 3348 1025 3403 Com·

126 3422 261 3482 Pffllffssss
269 3416 286 3489 1,
305 3419 375 3469 zum
398 3427 407 3469 l
426 3423 449 3483 §·
465 3423 525 3478 486.
551 3422 648 3477 Sebulz
666 3427 692 3488 §.
705 3421 748 3475 94.
765 3420 814 3472 Νι.
830 3421 872 3473 11.
894 3448 930 3473 -ε
963 3436 1023 3471 esee

124 3484 284 3565 dumosam]
308 3484 349 3537 die
367 3437 532 3562 aluslassung
552 3511 602 3544 von
618 3510 673 3544 esse
686 3490 728 3542 bei
742 3488 812 3541 duco
826 3488 861 3540 ist
872 3507 963 3561 wegen
976 3487 1024 3539 der

126 3552 347 3619 ursprduglrehen
360 3553 513 3631 Bedeutung
524 3559 567 3612 des
574 3562 710 3627 Worles,
726 3559 775 3610 mit
788 3554 844 3611 sicli
855 3555 952 3610 fabren
973 3554 1022 3622 (als

125 3621 307 3686 ausgeruaebte
319 3620 428 3691 spelte),
446 3626 490 3681 das
505 3626 734 3681 Gewiihnlicbere.
751 3655 786 3667 -
818 3645 852 3680 su
873 3628 960 3693 eratis
971 3633 1022 3675 aut

125 3688 218 3739 reditu
237 3689 407 3757 interclusis]
431 3694 517 3749 durch
531 3696 582 3748 dns
601 3646 1031 3768 einmaligesutsoll’dffiauux·
1105 3698 1117 3715 ¹

113 3754 237 3825 ,gedanie
248 3757 295 3811 der
304 3759 452 3819 Britanneu
467 3764 513 3822 das
526 3786 656 3839 superare
664 3765 870 3825 uersantem„
884 3756 1052 3815 waerm-

117 3823 230 3881 mab'ler
241 3832 350 3901 neuneu
362 3831 433 3891 dices
447 3849 538 3895 aut·
546 3834 776 3898 deminuturum:
