2310 4154
333 196 724 299 ‘neuneu'
856 230 864 241 “
931 172 1016 291 ’ἀ

43 422 107 481 ter·
123 429 199 478 sese
215 403 311 487 dent,
339 404 490 496 perlicit,
516 400 663 492 Sequani
683 425 725 471 ne
744 403 863 471 itinere
881 400 1006 470 Helve-

46 504 120 579 tios
140 495 352 589 prohibeant,
385 492 541 563 Helvetii·
559 498 600 557 ut
625 493 698 559 eine
716 494 882 583 'maleficio
902 500 937 560 et
956 495 1008 565 ine

45 587 337 662 iuriatrunseant.
387 614 391 619 ·
469 616 473 621 ·
522 608 529 621 ¹
571 650 575 655 ,
764 600 772 613 ·
880 636 884 641 .

138 672 185 742 Χ.
222 667 362 740 Caesari
380 666 596 753 renunciatur
616 666 783 738 Helvetiis
803 670 877 738 e'sso
890 671 926 737 in
940 668 1037 739 ani-r
1055 712 1063 738 ι

53 782 108 828 mo
132 780 194 848 per
221 778 336 844 agrum
360 754 589 842 Sequanorum
610 767 645 823 et
663 758 860 825 Aeduorum
883 761 950 825 iter
975 759 1012 824 in

40 848 237 921 -.Santonum
254 844 338 910 fines
358 842 485 924 lacere,
507 844 568 930 'elui
580 865 644 911 non
656 847 753 933 longe
767 868 786 913 a
801 846 1011 912 Tolosatium

51 935 176 1003 linibus
192 933 333 1012 meunt,
353 950 439 1016 quae
451 930 571 1016 civitas
586 938 644 1013 cst
652 933 686 998 in
697 932 887 1003 Provincia.
928 933 970 1000 Id
983 932 1014 998 si

23 1022 27 1043 ”
51 1023 167 1102 lieret,
190 1017 401 1105 intelligebat
421 1030 539 1103 magno
563 1040 636 1084 cum
652 1018 847 1089 Provinciae
866 1021 1014 1109 periculo
1065 1066 1077 1084 -.

53 1110 218 1188 luterum,
228 1109 279 1172 'ut
292 1105 439 1172 homines
448 1104 643 1190 bellicosos,
657 1107 788 1199 Populi
797 1107 939 1177 Romani
952 1105 1017 1193 ini-

55 1197 179 1279 micos,
204 1194 290 1262 locis
305 1194 495 1283 patentibus
510 1196 715 1285 maximeque
729 1195 965 1275 frumentariis
976 1194 1017 1261 fi-

56 1281 352 1354 nitimosboberet.
380 1279 436 1347 Ob
446 1295 507 1348 'eas
521 1304 658 1350 caussae
673 1286 705 1352 ci
718 1282 902 1364 munitioni,
917 1304 1016 1375 quam

56 1373 203 1452 lecerat,
228 1367 274 1436 T.
296 1366 479 1434 Labienum
503 1369 648 1453 legatum
668 1374 847 1461 praelecit3
885 1370 1017 1460 ipsein
1057 1430 1061 1445 ,

56 1457 195 1525 ltaliam
216 1458 345 1540 magnis
368 1453 544 1519 itineribus
559 1458 730 1523 contendit
744 1459 825 1524 duas
851 1480 892 1522 ue
909 1457 957 1521 ih'i
970 1459 1019 1535 le·
1092 1506 1095 1511 .

58 1547 178 1631 giorum
199 1540 381 1627 conscribit
402 1546 437 1606 et
458 1540 539 1620 tris,
568 1562 655 1628 qnae
678 1544 804 1609 circum·
825 1482 1019 1628 lquilei'am

30 1709 33 1717 ,
56 1630 263 1710 hiemabant,
284 1649 324 1693 ex
338 1627 486 1693 bibernis
502 1626 666 1695 educit'et
678 1652 744 1716 qua
757 1633 941 1719 proximum
957 1629 1022 1695 iter

23 1737 26 1744 ·
58 1716 302 1788 inulteriorem
317 1713 653 1805 GelliamperAlpes
668 1724 752 1799 eret,
773 1717 1023 1805 cumhisqu'in·
1114 1712 1121 1737 ¹

60 1827 127 1895 que
139 1803 324 1891 legionibus
336 1804 388 1868 ire
401 1803 581 1870 contendit.
623 1802 676 1869 Ibi
691 1804 873 1872 Ceutrones
887 1812 922 1871 et
936 1804 1022 1873 Gra·

60 1894 162 1961 ioceli
181 1897 217 1957 et
237 1888 415 1976 Caturiges
432 1891 516 1956 locis
532 1891 767 1979 superioribus
780 1892 950 1981 occupatis
965 1891 1023 1957 iti-

61 2002 144 2049 nere
164 1982 344 2046 exercitum
366 1976 735 2066 prohibere-conantur.
785 1977 1023 2068 Compluribus

62 2064 119 2135 bis
139 2067 277 2156 proeliis
296 2065 424 2153 pulsis,
452 2064 495 2130 ab
517 2062 639 2146 Ocelo,
673 2064 763 2153 quod
783 2075 838 2133 est
858 2066 1025 2139 citerioris

63 2153 260 2223 Provinciae
274 2161 469 2231 extremum,
485 2151 619 2239 inlices
633 2151 871 2221 Vocontiorum
886 2154 1026 2221 ulterio-

63 2243 115 2309 ris
137 2240 330 2309 Provinciae
350 2238 404 2305 die
423 2236 752 2325 septimol'pervenit3
782 2241 859 2309 inde
877 2242 912 2307 in
926 2241 1026 2308 Alloss

64 2329 207 2414 brogurn
225 2329 325 2410 fines,
351 2325 393 2390 ab
407 2326 651 2410 Allobrogibus
665 2329 699 2393 in
718 2328 919 2413 Segusiauos
934 2351 1027 2394 excr-

65 2419 170 2483 citum
189 2415 293 2483 ducit.
336 2412 385 2479 Hi
403 2418 482 2480 eunt
497 2419 592 2479 extra
606 2412 813 2482 Provinciam
828 2424 922 2483 trans
936 2416 1028 2483 Rbo-
1056 2480 1063 2497 ,

66 2504 188 2570 danum
211 2501 324 2592 primi.
430 2540 448 2567 -.
1022 2554 1026 2561 .

153 2590 221 2658 xl.
263 2587 411 2654 Helvetii
426 2587 491 2651 iam
507 2609 568 2676 per
581 2587 751 2674 angustias
764 2596 799 2654 et
811 2588 894 2654 fines
904 2586 1028 2677 Sequa·

69 2698 189 2745 norum
213 2696 293 2755 suas
311 2674 424 2763 copias
444 2674 703 2742 transduxerunt
724 2684 759 2742 et
779 2677 812 2741 in
831 2676 1028 2742 Aeduorum

22 2834 24 2838 ,
72 2765 156 2832 fines
191 2767 412 2850 pervenerant
440 2783 617 2850 eorumque
645 2784 742 2847 agros
775 2765 1029 2852 populabantur.

71 2851 188 2920 Aedui
209 2873 284 2916 cum
304 2870 342 2915 ee
360 2869 487 2936 suaque
502 2849 543 2917 ab
559 2850 601 2916 iis
615 2848 790 2918 defendere
805 2873 869 2919 non
883 2860 1030 2941 possent,
1087 2864 1092 2871 '
1144 2922 1146 2931 .

76 2988 279 3006 W

92 3070 235 3146 'cap.1x.
254 3072 329 3145 ¹side
342 3072 478 3141 maleficio
490 3079 518 3133 et,
531 3072 648 3138 amaru]
671 3092 693 3126 s.
706 3075 771 3148 Cap.
779 3074 839 3131 Vll.
864 3072 939 3127 letzte
950 3070 1029 3125 dnm.

111 3144 148 3199 Ca
169 3142 223 3194 .X.
248 3144 458 3207 Ιιειηιιηοὶαέιιν]
490 3141 556 3193 iiber
574 3142 615 3195 die
635 3143 770 3198 Bedeutun
810 3144 899 3196 Bromi
920 3161 943 3195 z.
963 3141 1031 3210 Nep.

145 3163 231 3264 licit.
248 3212 296 3270 10,
314 3213 340 3264 Z.
357 3240 393 3253 -
455 3228 528 3275 agno
540 3163 789 3281 cnm-periculo?
815 3213 915 3281 Zumpt
931 3213 956 3274 §.
970 3210 1031 3289 472.

143 3282 169 3345 §.
184 3270 242 3334 307.
262 3275 360 3332 Sebulz
377 3283 429 3343 §.1
450 3280 475 3335 3.
494 3278 542 3333 Nr.
554 3281 584 3339 4,
603 3282 628 3334 2.
645 3310 679 3323 ·-
705 3283 855 3350 saturum,
872 3283 914 3342 ut]
933 3280 1033 3351 Zumpt

99 3383 102 3387 -
145 3351 171 3413 §-
184 3351 244 3403 621.
257 3365 280 3400 a.
310 3345 409 3401 Subula
428 3352 451 3411 §.
467 3347 509 3402 87.
527 3348 614 3404 Nnc.
631 3376 665 3390 -
704 3349 987 3416 Populi-inimicos]
1011 3365 1032 3398 s.
1127 3389 1131 3393 .

30 3450 32 3455 -
147 3413 275 3485 cafix,
295 3432 330 3466 zu
350 3414 631 3470 Helvetiis—amicus.
658 3446 694 3460 -
734 3417 801 3469 locas
818 3420 989 3483 patentibus]
1012 3433 1034 3466 s.

146 3482 213 3551 Cap.
227 3480 275 3538 Vl.
294 3502 328 3536 zu
348 3484 485 3535 nonnullis
502 3483 576 3537 locis.
597 3512 630 3524 -
664 3489 705 3539 ire
718 3488 868 3551 comendis]
893 3487 993 3556 Zumpt
1009 3486 1035 3546 §.

100 3597 103 3603 .
146 3553 208 3607 614.
227 3580 267 3619 ¹-
305 3553 499 3618 Compluribus
511 3554 556 3606 bas
566 3554 682 3622 procidis
690 3556 795 3623 pulsz's]
818 3574 878 3607 man
893 3551 981 3606 merle
995 3549 1036 3602 die

142 3621 421 3690 ‚Zusemmenstellung
439 3618 559 3690 gleicber.
572 3622 655 3675 Casus
675 3640 726 3674 von
741 3622 936 3677 verschiedeuer
953 3618 1043 3673 Recia-
1087 3674 1091 3685 Ι

46 3705 63 3720 ··
144 3687 231 3812 llungl·
253 3716 290 3729 -
321 3691 351 3742 in
370 3690 554 3763 Seguerbnos]
580 3690 685 3765 Zumpt
706 3694 735 3758 ᾗ.
748 3695 824 3750 tto..
837 3691 944 3746 Senum
959 3691 997 3748 §-
1010 3685 1063 3737 Ἃ*

170 3777 193 3810 r.
224 3794 232 3809 .

108 3822 144 3876 Ca
162 3822 234 3877 .Xl.
265 3825 306 3876 ab
324 3826 363 3880 r'r'e
379 3827 552 3898 videndun]
586 3834 700 3910 Zumpt
722 3837 754 3903 §.
774 3834 847 3895 805.
872 3821 966 3903 pergl.
985 3810 1103 3880 ἕω·
1132 3880 1136 3885 ,

30 3947 33 3951 .
150 3888 334 3957 cbulel.
352 3895 407 3980 Nr.
419 3899 450 3956 5.
467 3919 499 3974 p.
515 3903 584 3965 453.
824 3900 827 3925 ¹

226 4020 229 4025 .
353 3999 364 4027 Ὶ
