2310 4154
104 124 108 133 ’
221 76 237 187 s
328 190 342 247 ¹.
394 78 810 229 11999999
913 107 1097 217 259

91 332 216 380 annum
232 309 383 377 obtinere
403 304 726 390 consuessent,'duo
745 299 1052 399 magistrituinge-
1111 314 1118 347 ³

90 407 169 468 rant
185 405 221 465 et
242 418 279 464 99
290 403 438 483 9199999
457 419 571 464 eorum
593 397 727 481 legibus
743 404 892 464 creatum
906 422 981 468 9999
998 403 1050 470 di.

91 495 157 553 cot.
201 484 330 551 Horum
346 505 421 550 9999
436 486 577 557 alterum
594 482 909 568 Conuictolitauem,
930 489 1050 557 floren·
1109 494 1111 498 ”

91 581 159 639 tem
189 579 223 638 et
248 573 415 639 illustrem
447 570 726 661 adolescentem
744 572 887 639 alterum
916 573 1048 660 Cotum,

92 661 322 747 antiquissima
348 659 475 743 familia
499 666 614 727 nutum
627 656 735 747 elque
756 660 865 747 ipsum
882 662 1049 733 'hominem
1112 668 1116 682 '

90 769 238 813 summae
268 747 435 835 potentiue
463 752 498 811 et
527 768 664 832 magnae
691 747 917 832 cognationis,
950 753 1048 818 cuius

88 835 194 900 frater
207 832 402 899 Valetiacus
424 854 583 920 proxumo
604 853 688 900 anno
708 833 847 900 cundem
870 837 1050 921 magistre-

88 930 160 987 tum
181 920 341 1009 gesserit}
365 920 531 986 civitatem
552 941 679 986 omnem
701 922 972 1004 99991999919,
994 926 1049 992 di·
1128 928 1152 953 '⁰

89 1012 196 1078 visum
218 1016 389 1087 senatum,
408 1007 551 1075 divisum
573 1009 752 1096 populum3
785 1030 865 1075 9999
887 1010 1049 1099 cuiusque
1135 1026 1139 1037 '

91 1118 206 1163 eorum
229 1096 416 1162 clientelas.
471 1093 602 1182 Quodsi
626 1095 755 1162 diutius
782 1097 896 1175 aletur
915 1109 1050 1166 contro-

90 1186 221 1262 versis,
254 1183 327 1251 iore
353 1183 404 1249 uti
432 1203 615 1270 perseum
632 1184 735 1273 ,parte
762 1183 909 1250 civitatis
937 1187 1051 1252 confli-

71 1280 170 1358 .gat3
201 1267 236 1335 id
256 1291 297 1335 ne
319 1267 465 1357 occidat,
492 1271 637 1359 positum
655 1272 691 1338 in
713 1269 786 1337 eius
803 1270 977 1360 diligentia
999 1280 1051 1341 et-

91 1380 158 1448 que
178 1357 391 1423 auctoritate.
738 1361 746 1374 ‘

177 1457 351 1526 XXXIII.
395 1456 520 1526 Caesar
535 1457 634 1522 etsie
650 1455 740 1524 ltello
756 1461 967 1546 9199919919
984 1462 1054 1531 dis-

93 1547 212 1616 cedere
226 1546 499 1613 detrimentosum
516 1566 590 1610 esse
610 1543 840 1626 existimabat,
862 1554 1054 1620 tamennon
1095 1588 1098 1593 ·

93 1638 269 1721 ignorans,
291 1643 417 1721 999999
431 1655 471 1698 ex
486 1631 753 1705 dissentionibus
767 1631 972 1702 incommodo
986 1637 1055 1703 ori·
1073 1641 1075 1645 ’

93 1727 125 1791 ri
147 1728 382 1801 consuessent,
409 1742 451 1785 ne
474 1724 567 1786 tento
585 1726 622 1785 et
643 1724 712 1784 tum
731 1721 904 1788 coniuncto
921 1721 1055 1813 Populo

92 1811 243 1878 Romano
263 1809 402 1885 civitas,
424 1829 523 1893 quarn
542 1809 615 1895 ipse
637 1827 768 1894 semper
789 1811 930 1877 cluisset
950 1812 1057 1877 omni·
1112 1828 1137 1867 =‘

93 1897 224 1985 busque
242 1896 342 1962 rebus
363 1903 531 1975 ornasset,
561 1893 688 1960 adsim
709 1895 873 1982 utqucad
889 1919 981 1963 arma
997 1897 1054 1964 de·
1132 1900 1140 1917 ”

93 1985 286 2065 succideret,
314 1989 415 2068 utque
430 2003 469 2047 99
486 1997 584 2069 pom,
606 2001 691 2069 quae
706 1983 814 2054 minus
830 1983 896 2051 sibi
912 1982 1057 2052 conlide-

93 2080 166 2154 ret,
192 2071 321 2138 auxilio·
337 2093 357 2135 9
376 2068 650 2156 Vercingetorige
677 2077 882 2152 arcesseret,
911 2072 987 2140 huic
1006 2071 1058 2140 rei
1097 2072 1099 2076 ’

93 2157 369 2252 praevertendum
382 2157 599 2239 existimavit,
618 2162 652 2245 et
666 2153 755 2241 quod
769 2157 900 2243 legibus
916 2158 1057 2226 Aeduo-
1073 2186 1075 2191 ⁴

93 2248 252 2328 99191919,
296 2245 331 2311 ui
349 2266 512 2323 summum
530 2236 762 2330 magistratum
780 2246 981 2328 obtinerent,
1001 2270 1058 2323 ex-

92 2268 400 2405 cedere-exilnibus
414 2355 479 2398 non
494 2333 623 2420 liceret,
632 2347 683 2394 ‘uc
697 2326 780 2416 quid
795 2331 837 2397 de
848 2334 921 2400 iure
938 2341 998 2399 aut
1016 2334 1057 2401 de

92 2421 227 2515 legibus
239 2441 353 2485 eorum
368 2418 570 2485 deminuisse
582 2416 764 2496 rideretur,
781 2418 902 2504 ipsein
916 2419 1056 2488 Aeduos

76 2505 408 2600 sproiiciscistntuit
426 2514 643 2590 senatumque
665 2525 792 2568 omnent
814 2511 850 2568 et
863 2527 946 2592 quos
967 2508 1057 2573 inter

75 2592 325 2664 'controversia
343 2599 435 2659 esset
456 2590 499 2656 ad
513 2614 550 2659 99
571 2590 746 2658 Decetiam
764 2592 924 2660 evocavit.
971 2592 1056 2661 Cum

96 2702 205 2775 prope
233 2678 340 2744 onmis
364 2677 483 2744 civitas
509 2700 547 2744 9ο
570 2677 780 2765 convenisset
806 2677 1060 2769 docereturque,

97 2768 216 2860 paucis
230 2767 315 2833 clam
329 2763 601 2850 convocatis'alio
614 2766 699 2847 Ioco,
714 2764 781 2832 9119
792 2772 942 2856 tempore
956 2774 1058 2856 atque

99 2957 300 2976 *-

79 3129 83 3140 .
133 3089 321 3162 CapXXXII.
339 3097 528 3156 consuessent]
543 3089 597 3155 Das
605 3090 743 3155 Gemuere
750 3092 842 3146 wiirde
856 3092 898 3147 ein
907 3093 983 3150 Coni.
990 3058 1061 3149 Peri.

115 3161 119 3173 '
166 3159 237 3222 9919;
261 3169 432 3213 consuessent
450 3159 484 3212 ist
502 3159 530 3212 in
544 3159 757 3232 dchedeutung
779 3161 924 3283 9119999
947 3161 1061 3216 welches

166 3227 306 3298 Tempus?
322 3261 358 3273 -
390 3229 509 3296 legibus]
523 3228 575 3289 9151.
590 3229 672 3289 modi,
691 3231 770 3298 vergi.

167 3296 303 3358 instituto,
321 3297 527 3362 consuetudine3
545 3296 609 3367 Cap·
623 3297 697 3353 XXI.
713 3316 739 3353 9.
754 3297 808 3350 oft:
826 3317 912 3351 more.
927 3300 962 3340 ὲ·
995 3301 1063 3352 diui-

165 3367 412 3434 sum-dc'cisum]
430 3365 530 3420 welche
551 3366 654 3433 Figdr?
677 3389 710 3420 -e
743 3369 827 3437 suos]
851 3365 936 3427 9919319
954 3367 998 3420 die
1011 3368 1064 3422 Β9-

160 3432 285 3503 deutung
308 3433 403 3496 „scine
422 3434 530 3503 eigoen,
547 3445 723 3504 getrcnnleu“
743 3434 890 3488 wodurch?
916 3454 938 3489 s.
960 3438 1063 3509 Zumpt

167 3504 193 3567 §.
205 3503 264 3577 tte.
283 3501 362 3570 vergi.
382 3503 447 3574 Cap.
461 3503 521 3558 XV.
539 3525 566 3576 p·
581 3506 642 3560 246.
660 3505 715 3556 suis
730 3504 853 3556 manibus
868 3503 1036 3558 succendere.

136 3584 202 3655 Cap.
218 3582 344 3638 XXXIII.
378 3588 438 3668 1919,
456 3590 515 3658 qut]
540 3588 618 3668 vergl.
638 3588 704 3709 Cep·
717 3587 791 3670 xm
812 3607 838 3659 9.
852 3589 914 3644 254.
932 3587 985 3644 hoc
1005 3604 1065 3705 spa,
1104 3572 1107 3577 .

166 3655 206 3706 tio
229 3670 300 3778 {¹¹⁰²
315 3681 351 3694 -
369 3656 494 3756 ‚¹1⁶⁶m]
511 3655 630 3710 9119919919
642 3655 671 3708 91
691 3656 968 3739 99999199991991919.
984 3655 1018 3706 da
1032 3675 1090 3763 xedo-

167 3721 216 3776 den
256 3732 409 3789 omuncuv,
440 3725 543 3799 Zumpt
566 3729 591 3795 ᾗ.
606 3727 668 3784 649,
690 3756 728 3773 -
762 3726 949 3807 99999991ιῆ
960 3722 1036 3770 lxm
1065 3800 1069 3806 .

166 3790 232 3863 phe,
249 3791 389 3862 saZumpt
405 3795 433 3861 §a
446 3793 507 3853 824.
713 3855 716 3860 ,
853 3834 856 3840 ,

262 3872 266 3879 “
477 3903 488 3911 ·
530 3891 532 3894 ·
631 3915 640 3932 .
821 3872 913 3942 Μ

793 3228 1061 3303 ’99.ΧΧ111.,9.254.
1141 3246 1143 3253 ’
