2310 4154
86 142 164 230 aaa
289 158 360 269 na
389 157 565 264 nauto
596 134 842 229 oannlco

89 356 208 404 caussa
220 332 369 403 miserat.
402 330 453 400 Hi
465 331 684 411 similitudine
698 354 866 400 armorum
875 330 1057 425 'vehemen-

26 448 29 455 ’
88 432 144 495 ter
168 429 301 489 nostros
323 429 578 509 perterruerunt
608 428 646 487 a'c
673 423 810 489 tametsi
835 421 967 489 dextris
998 424 1060 494 bu.

89 513 191 578 maris
206 510 347 576 exsertis
363 508 721 590 animadvertebantur,
743 508 833 597 quod
846 510 981 595 insigne
999 534 1061 600 pa-

46 658 52 669 ,
89 599 174 666 catis
200 620 275 664 esse
295 604 490 678 consuerat,
517 606 628 662 tamen
647 596 683 662 id
707 598 816 686 ipsum
838 598 891 662 sui
912 599 1062 667 fallendi

89 709 210 753 caussa
239 686 362 753 milites
392 685 434 750 ah
462 686 617 761 hostibus
648 685 774 751 scrutum
803 684 1061 757 existimabant.

88 774 213 843 Eodem
247 781 396 861 tempore
423 772 465 839 L.
494 771 619 839 Fabius
653 773 804 838 centurio
835 774 964 860 quique
992 798 1061 842 una

89 884 220 931 murum
249 859 486 943 ascenderant,
514 861 730 926 circumventi
753 869 854 946 atque
881 862 1062 930 interfecti

14 970 16 975 ·
42 956 49 967 ⁰
89 950 131 1016 de
149 970 243 1014 muro
257 948 532 1038 praecipitantur.
576 944 622 1014 Μ.
640 947 815 1028 Petreius,
837 948 994 1015 eiusdem
1012 953 1061 1018 le·

87 1037 197 1123 giunis
217 1037 385 1115 centurio,
401 1057 483 1100 ,cum
497 1038 613 1122 portas
631 1035 782 1100 excidere
796 1043 938 1103 conatus
954 1046 1060 1120 esset,
1082 1114 1084 1118 ¹

88 1149 109 1191 a
128 1122 342 1191 multitudine
367 1142 551 1210 oppressus
578 1142 615 1187 ac
641 1122 708 1186 sibi
729 1122 914 1209 desperans
938 1128 1060 1192 multis

87 1214 154 1279 iam
168 1208 363 1279 vulneribus
379 1230 454 1273 acce
478 1208 524 1272 tis
542 1209 807 1297 manipularibus
825 1212 915 1292 suis,
938 1215 1003 1300 qui
1018 1214 1058 1280 il-

86 1300 162 1365 lmrt
176 1296 283 1365 secuti
305 1299 417 1361 erant:
440 1230 624 1383 (docuinam,
645 1298 773 1386 inquit,
792 1320 844 1364 me
858 1320 927 1363 una
943 1302 1058 1367 vobis·

86 1408 161 1452 cum
178 1380 318 1453 'serrare
336 1404 402 1449 non
422 1393 579 1471 possum,
601 1393 733 1450 vestrae
746 1384 879 1472 quidem
895 1394 996 1455 certe
1011 1389 1058 1456 vi-

86 1482 143 1541 tae
157 1470 376 1563 prospiciam,
398 1492 482 1559 quos
497 1469 680 1559 cupiditate
694 1474 821 1557 gloriae
835 1471 1009 1542 adductus
1024 1477 1056 1542 in

85 1562 270 1651 periculum
293 1558 425 1626 deduxi.
467 1558 540 1626 Vos
556 1558 635 1625 data
652 1561 810 1626 facultate
823 1560 917 1626 vobis
933 1586 1056 1631 consu-

84 1650 159 1718 lite.
201 1648 311 1715 Simul
329 1648 363 1713 in
379 1644 506 1713 medios
519 1648 633 1739 hostes
646 1649 772 1738 irrupit
788 1648 991 1738 duobusque
1006 1653 1056 1718 in·

85 1737 237 1804 te'rlccti's
261 1735 409 1820 reliquos
434 1740 567 1822 a'porta
589 1737 738 1822 paullum
761 1736 943 1805 submovit.
989 1738 1054 1809 Co·

84 1825 242 1891 nautibus
259 1820 415 1887 auxiliari
431 1826 520 1888 suis:
538 1821 694 1905 Frustra,
715 1825 833 1911 inquit,
851 1847 947 1891 meae
960 1828 1052 1894 ritae

85 1911 262 1979 subvenire
276 1908 456 1990 conamini,
477 1930 576 1998 quem
590 1911 655 1975 iam
671 1913 807 1997 sanguis
821 1912 983 1999 viresque
997 1914 1053 1981 de·

83 1999 219 2080 ficiunt3
240 1995 381 2085 proinde
400 1998 477 2063 bino
496 1996 604 2080 abite,
625 1996 704 2065 dum
722 2000 955 2083 est'facultas,
977 2024 1052 2069 vos·
1086 2038 1091 2057 ι

82 2109 149 2240 pue
171 2085 214 2151 ad
229 2084 399 2168 ¹legionem
420 2084 572 2172 recipite.
612 2083 666 2150 Ita
686 2109 837 2177 pugnans
857 2098 941 2177 post
954 2089 1051 2177 paulf

99 2196 153 2239 um
169 2172 315 2237 concidit
330 2192 368 2234 ac
384 2169 456 2235 suis
470 2173 573 2237 saluti
587 2170 666 2241 fuit.
697 2210 701 2223 ·

168 2256 230 2327 LI.
279 2252 400 2323 Nostri
420 2278 495 2322 cum
516 2256 662 2345 undique
683 2266 937 2348 premerentur,
967 2284 1050 2333 xum

82 2344 332 2414 centurionibus
345 2343 479 2411 amissis
498 2342 619 2412 deiecti
636 2355 714 2412 scrut
732 2351 823 2430 louo;
849 2347 909 2414 sed
923 2352 1047 2419 intole-

80 2436 211 2503 rantius
233 2432 352 2501 Gallos
369 2432 583 2521 insequentes
605 2436 693 2525 legio
707 2457 742 2502 Χ.
765 2435 930 2518 tardavit,
1010 2456 1046 2505 aa

80 2544 143 2615 pro
159 2520 309 2591 subsidio
320 2522 436 2673 paullo
451 2521 605 2609 aequiore
620 2523 693 2588 loco
707 2524 917 2614 constiterat.
947 2460 1046 2594 liius

79 2631 201 2676 rursus
222 2630 298 2676 xrn.
336 2607 461 2694 egiopis
481 2608 633 2675 cobortes
654 2632 731 2676 exce
757 2619 872 2693 erunt,
895 2635 984 2700 quae
1006 2636 1046 2682 ex

79 2699 202 2763 castris
217 2696 402 2762 minoribus
421 2694 560 2761 eductae
577 2719 654 2763 cum
670 2697 714 2764 Τ.
731 2634 755 2765 ἓ

78 2790 201 2875 perant
224 2784 336 2849 locum
362 2782 580 2871 superiorem.
628 2783 793 2870 Legiones
816 2787 873 2853 ubi
895 2789 1044 2876 primum

78 2871 251 2962 planitiem
273 2870 473 2956 attigerunt,
501 2870 635 2939 iulestis
657 2881 773 2940 contra
794 2872 909 2943 hostes
934 2877 1043 2964 signis

964 2987 1045 3035 oon·

757 2700 845 2767 extio
861 2703 976 2784 legato
992 2724 1046 2769 ce-

80 3045 284 3065 m

7 3181 9 3184 -
108 3148 176 3222 cap.
190 3146 222 3203 L.
255 3143 448 3214 suisallendt]
469 3163 491 3199 s.
510 3145 577 3218 Cap,
595 3148 692 3231 XLIIJ.
709 3168 738 3221 p.
750 3153 811 3208 267.
833 3151 876 3205 sui
896 3155 1043 3226 purgandi.

143 3247 181 3260 -
204 3217 956 3355 rrauastandam}cataractam
970 3236 1043 3350 ‘rt

55 3384 62 3403 ι
141 3296 382 3413 adndeddddrucb
410 3371 463 3405 ron
471 3303 675 3407 gvestracpwird
705 3309 853 3413 aiuiddrdenr
879 3313 1043 3417 durelirmdid

88 3470 91 3479 ,
139 3423 347 3492 Wortstellung
358 3420 487 3492 gahaban,
502 3423 548 3467 -‘
567 3424 700 3496 proinde]
715 3427 894 3497 aulsordernd.
909 3459 948 3474 -
974 3441 1042 3500 post

139 3492 284 3562 paullum]
302 3492 368 3572 iiber
378 3489 501 3610 paullum
516 3500 576 3544 stall
591 3492 681 3564 paullo
696 3514 716 3549 s.
730 3497 831 3570 Zumpt
843 3503 868 3564 §-
875 3502 937 3556 488.
946 3506 1040 3584 'Arm

46 3599 49 3605 ,
138 3566 166 3618 2,
185 3558 375 3628 vergl,L1h,V
392 3596 400 3612 .
418 3559 482 3630 Cap.
500 3560 545 3612 lx.
563 3565 660 3632 pros.
678 3564 800 3633 paullum
812 3587 894 3640 supra
911 3569 1049 3639 (L1b.vl.·

140 3630 206 3700 Cap.
220 3628 281 3682 XII.
300 3649 327 3698 p.
340 3631 401 3684 212.
420 3636 524 3682 tantum
537 3637 747 3703 antecesserant).

103 3697 171 3774 Cap.
185 3696 231 3758 tl.
266 3699 296 3749 in
312 3699 377 3752 estis
394 3702 605 3758 contralhostes
624 3702 713 3766 sr'gm's
728 3705 926 3771 constrictant]
943 3718 1040 3763 contra

125 3771 220 3827 bostcs
230 3790 232 3797 ·
242 3766 271 3822 ni
309 3779 320 3823 t
336 3766 469 3824 zunichst
484 3768 536 3821 mit
553 3767 766 3832 lambertum,
780 3774 895 3826 eundern
905 3777 975 3829 uach
989 3779 1040 3834 Cat·

118 3839 325 3903 san'aniscbem
337 3835 589 3915 Spraohgcbraucb
603 3837 658 3893 uin
673 3836 777 3891 ‘intesta
795 3838 877 3905 §ugnus
894 3858 932 3891 uu
946 3844 1050 3953 accigun-

1018 3925 1070 3967 tn,
