2310 4148
76 120 79 125 ’
124 172 195 275 eae
332 170 406 243 nn
432 168 611 242 unaco
641 150 904 243 cannaco*

129 350 227 416 tanta
244 343 455 423 calamitate,
474 341 671 411 bellovacae
687 364 736 409 eo-
747 341 875 435 proelio
887 345 1107 416 commodum

131 454 209 502 em
226 437 442 512 consecutae,
462 428 553 518 qnod
570 430 736 512 Correus,
758 438 875 498 auctor
893 432 1000 515 belli,
1025 458 1108 504 eon-

98 512 102 523 '
131 520 258 591 citatur
285 517 530 600 multitudinis,
559 525 652 586 esset
677 519 893 601 interfectura
928 543 1108 610 nunquam

131 608 222 678 enim
239 614 390 675 senatum
404 613 534 673 tantum
547 605 582 696 in
597 606 732 674 civitate
745 606 805 673 illo
819 606 914 689 rivo,
934 618 1107 698 quantum

132 695 325 787 imperitam
341 693 472 784 plebem
488 695 654 783 potuisse.
904 768 907 773 ,
982 744 986 753 ,
1074 761 1077 765 .

75 804 79 815 ¹
220 781 342 850 XXII.
373 781 487 853 ¹llaec
513 782 687 849 orantibus
716 779 838 865 legatis
863 791 1111 854 commemorat

133 869 263 944 Gaesar
287 869 402 937 eodem
425 878 576 959 tempore
601 868 776 958 superiore
796 889 881 941 anno
902 867 1109 942 Bellovacos

131 965 332 1046 ceteraeque
346 956 478 1025 Galliae
491 958 646 1025 civitates
659 949 848 1044 suscepisse
861 955 1012 1042 bellum3
1030 956 1110 1050 per-

131 1046 339 1115 tinacissime
365 1044 427 1112 bos
454 1066 495 1110 ex
523 1045 676 1110 omnibus
701 1045 738 1109 iu
758 1043 924 1110 senmutie
946 1067 1110 1134 perman·

130 1134 223 1209 ,eiese
243 1153 351 1221 neque
372 1128 416 1196 ad
429 1129 607 1197 sanitatem
623 1129 829 1217 reliquorum
842 1129 1021 1200 deditione
1033 1156 1109 1202 esee

98 1296 107 1305 -
131 1221 333 1311 perductum
354 1217 443 1282 scira
457 1224 559 1303 atque
574 1217 762 1302 intelligere
779 1238 833 1301 se,
853 1239 1015 1288 caussam
1029 1244 1108 1313 pec-

129 1306 201 1374 cati
220 1305 382 1370 facillime
401 1305 546 1370 mortuis
560 1302 726 1389 delegari3
752 1306 917 1372 neminem
929 1327 1017 1375 vero
1032 1321 1108 1378 tan·

110 1455 119 1466 ,,
129 1399 206 1463 tum
223 1392 373 1482 pellere,
396 1397 436 1456 ut
455 1391 572 1458 invitis
591 1390 816 1481 principibus,
846 1393 1034 1462 resistente
1053 1419 1108 1465 se-

130 1488 236 1565 natu,
264 1477 419 1547 omuibus
438 1478 536 1546 bonis
560 1480 823 1568 repugnantibus
843 1480 980 1550 infirma
1006 1506 1106 1553 menn

129 1568 242 1660 plebis
263 1566 635 1634 bellumconcitare'et
659 1588 776 1654 gerere
794 1575 932 1656 posset,
962 1572 1029 1638 sed
1049 1580 1107 1639 te-

131 1677 209 1724 men
232 1661 484 1745 sacamentum
509 1654 582 1721 iore
603 1675 643 1719 ea
666 1676 794 1744 poena,
821 1675 922 1744 quam
941 1657 1016 1727 sibi
1038 1660 1106 1752 ipsi

80 1811 82 1815 ,
130 1741 391 1812 contraxissent.
523 1748 539 1761 ’·
728 1806 730 1811 ,
836 1752 838 1757 ’

146 1896 150 1903 ,
217 1825 357 1896 ΧΧΙΠ.
407 1822 519 1917 Nocte
537 1824 729 1912 insequenti
749 1823 854 1913 legati
873 1846 1043 1916 responsa
1058 1829 1104 1899 ed

130 1909 212 1983 euos
234 1914 403 1992 referunt3
424 1911 560 1991 obsides
581 1914 773 1994 conficiunt.
810 1912 1102 1997 ,concurruntre-

20 1998 25 2011 '
129 2002 301 2092 liquarum
318 2003 491 2070 civitatum
503 2002 626 2089 legati,
674 2023 736 2068 uae
751 2000 1012 2072 Bellovacorum
1029 2029 1101 2098 spe·

130 2091 333 2159 culabautur
356 2097 521 2157 eventum.
564 2023 713 2156 Obsides
736 2087 836 2173 dant,
862 2087 1033 2197 imperata
1051 2097 1101 2171 fe-

129 2178 226 2249 ciuut
240 2183 378 2260 excepte
395 2174 563 2251 Commio,
585 2196 684 2259 quem
703 2175 805 2241 timor
825 2178 1027 2266 prohibebat
1045 2205 1102 2248 cu·

26 2272 29 2277 “
128 2261 288 2367 iusqua'm
309 2258 389 2338 fidei
410 2262 726 2328 suamcommittere
742 2266 898 2332 salutem.
941 2267 1100 2334 Naman-

107 2394 109 2401 ι
130 2372 266 2440 peracre
294 2368 380 2415 anuo
401 2347 446 2418 T.
465 2345 636 2415 Labienus
657 2345 803 2418 Caesare
825 2352 860 2417 in
879 2349 1000 2422 Gallia
1021 2356 1102 2424 cite-

132 2439 225 2505 ricre
243 2438 298 2505 ius
320 2435 450 2502 dicente
471 2457 546 2503 cum
560 2434 748 2505 Commium
764 2438 991 2527 ,comperiebat
1007 2446 1101 2512 solli·

47 2525 50 2530 ’
129 2525 237 2592 citare
259 2524 413 2592 civitates
436 2530 470 2589 et
493 2525 756 2591 coniurationem
779 2527 1100 2605 contrassoesarem

129 2605 262 2692 iacere,
285 2609 519 2681 infidelitatem
542 2612 616 2678 eius
637 2612 708 2695 sine
729 2611 956 2703 ullapcrlidia
971 2618 1101 2687 iudice·

129 2698 376 2789 ritfcomprimi
395 2721 507 2788 posse.
559 2698 668 2785 Quem
686 2701 764 2786 quia
784 2724 850 2767 non
869 2704 1111 2774 arbitrabatur

129 2793 284 2854 vocatum
298 2787 333 2851 iu
349 2793 461 2865 castra
475 2791 668 2868 venturum,
687 2809 729 2853 ne
742 2787 901 2855 tentando
914 2796 1101 2862 cautiorem

129 2874 275 2963 iaceret,
298 2870 338 2940 C.
353 2868 561 2939 Volusenum
578 2873 789 2960 Quadratum
811 2877 922 2958 misit,
945 2883 1008 2966 qui
1027 2903 1101 2951 eum

129 2982 194 3051 per
215 2957 462 3027 simulationem
484 2961 645 3048 colloquii
666 2971 800 3030 curaret
818 2965 1101 3041 interficiendum·

117 3046 192 3129 ‚Ad
213 3070 286 3115 eam
305 3067 377 3113 rem
398 3047 547 3115 delectos
568 3051 599 3114 ei
618 3048 969 3140 tradit'centuriones.
1013 3056 1100 3128 Gom

129 3136 166 3201 in
180 3135 384 3223 colloquium
399 3141 533 3211 ventum
548 3145 639 3205 esset
658 3144 710 3219 et,
732 3145 771 3205 ut
787 3146 1008 3224 convenerat,
1031 3168 1100 3213 ma-
1144 3173 1145 3177 ¹

105 3237 210 3289 ‘num
233 3221 379 3292 Commii
401 3221 595 3290 Volusenus
617 3225 853 3313 arripuisset,
867 3231 1028 3299 centurio.
1047 3235 1099 3301 vel

129 3317 170 3374 ut
189 3310 323 3376 insueta
342 3330 379 3374 re
397 3319 571 3399 permotus
591 3312 644 3377 vel
657 3314 819 3380 *celeriter
839 3316 1098 3388 aiamiliaribue
1138 3382 1141 3391 .

130 3395 327 3484 prohibitus·
345 3394 490 3465 Commii
513 3399 674 3464 conficere
697 3401 861 3469 hominem
882 3425 946 3471 non
967 3410 1098 3495 potuit3

130 3484 279 3568 graviter
301 3491 412 3551 tamen
434 3485 544 3575 primo
565 3487 636 3551 ictu
656 3488 769 3572 gladio
791 3498 893 3579 caput
914 3497 1098 3581 percussit.

130 3569 215 3639 (lum
240 3572 409 3658 utrimque
431 3571 536 3658 gladii
554 3571 708 3639 destricti
722 3585 851 3658 esseut,
872 3600 936 3646 non
951 3588 1023 3650 tam
1038 3606 1098 3675 pu-

129 3655 253 3744 gnandi
281 3679 381 3744 quam
418 3659 615 3746 diffugiendi
648 3661 716 3727 luit
742 3672 964 3756 utrorumque
988 3673 1100 3739 conei-

126 3747 231 3826 lium,
266 3753 478 3837 ursmarum,
512 3748 604 3837 quod
628 3751 801 3820 mortifero
829 3756 966 3825 vulnere
996 3756 1100 3828 Gom·
1139 3800 1143 3807 ·

54 3832 59 3837 ’
95 3897 97 3901 ,
126 3835 228 3899 mium
247 3830 429 3901 credebant
441 3833 617 3936 allectum,
636 3836 832 3924 Gallorum,
852 3842 943 3930 quod
960 3843 1099 3917 maiuli.
