2310 4154
78 149 171 221 sm
278 142 352 213 nn
380 136 564 219 nunno
592 120 873 211 aninmo?

93 316 99 335 ¹
122 398 126 403 ι
167 313 314 391 XXXI,
333 313 373 387 c.
385 312 515 405 Fabios
528 334 604 379 cam
619 313 1066 402 reliquo-cxcrcituiu'cam,

81 413 183 493 nutes
199 414 396 491 ceterasque
415 400 642 491 proficiscitur
655 404 831 485 civitates,
853 424 999 492 quarum
1015 427 1066 471 co⁴

83 497 227 587 proelio,
240 490 331 581 quod
347 512 421 557 cum
433 490 608 558 Dumnaco
623 491 761 573 fecerat,
777 492 894 579 copias
908 502 1057 559 csse-ac·

67 587 177 655 -eisas
193 582 338 649 sciebat:
360 600 426 645 non
446 580 532 643 enim
549 576 743 659 dubitabat,
763 580 844 668 quin
857 580 987 647 recenti
1003 602 1058 647 ca—

84 672 238 739 lamitate
251 667 488 735 submissiores
503 675 617 731 essent
629 664 773 748 futurae,
791 665 870 733 dato
884 690 967 735 vero
979 690 1057 756 spa-

87 762 137 829 tio
167 781 206 825 ac
228 763 379 844 tempore
407 753 524 821 codem
551 753 697 821 instante
718 753 895 822 Dumnaco
916 762 1058 845 possent

88 840 262 915 concitari.
308 841 386 929 Qua
409 841 445 907 in
465 862 505 921 re
523 861 650 906 summa
670 841 816 909 felicitas
832 844 1059 928 celeritasque

88 940 126 1003 in
137 928 340 1021 recipiendis
352 928 547 996 civitatibus
560 927 700 995 Fabium
715 931 942 1017 consequitur.
967 929 1059 999 Nam

88 1024 275 1104 carnutes,
297 1019 357 1105 qui
375 1038 478 1105 saepe
490 1015 601 1084 vexati
616 1020 892 1105 nunquam-pacis
909 1019 1061 1085 fecerant

88 1110 310 1186 mentionem,
338 1104 428 1172 datis
448 1102 621 1169 obsidibus
642 1104 779 1172 veniunt
795 1104 1061 1188 in'deditioncm,

89 1206 288 1281 ceteraeque
307 1191 615 1279 civitates.positae
632 1191 668 1259 in
685 1193 819 1281 ultimis
833 1191 967 1259 Gallias
985 1193 1061 1261 lini-

58 1287 154 1355 mus
177 1282 312 1357 Oceano
332 1279 546 1359 coniunctae,
566 1301 652 1366 quae
666 1277 1062 1371 Armorieacappellan·

90 1384 169 1452 tur,
193 1365 403 1443 auctoritate·
418 1364 569 1437 adducta'
583 1366 769 1438 Carnutum
791 1366 935 1435 adventu
961 1368 1061 1437 Fabii

21 1458 26 1473 ’
89 1459 326 1547 legionumque
345 1455 511 1543 imperata
531 1455 605 1521 sine*
619 1478 711 1521 mora
726 1456 880 1523 faciunt..
906 1455 1062 1523 Dumna-

90 1570 154 1617 cus
176 1544 250 1612 suis
269 1542 392 1610 finibus
414 1543 575 1630 expulsus
599 1564 716 1610 errans
735 1544 941 1631 latitansque
961 1546 1061 1613 colus

92 1642 260 1707 extremas
274 1630 406 1697 Galliae
421 1633 576 1712 regiones
593 1638 709 1718 potare
722 1641 858 1698 coactus
872 1636 938 1699 cat.
954 1668 970 1683 -

178 1714 337 1787 XXXII.
378 1715 434 1784 At
455 1718 614 1808 Drappes
633 1740 764 1806 unaque
782 1718 965 1785 Lucterius
986 1738 1064 1785 cum

91 1807 243 1896 legiones
266 1802 508 1892 Caniniumque
531 1806 650 1873 adesso
679 1814 914 1893 cognoscerent
941 1827 1005 1873 nec
1018 1828 1062 1874 sse

93 1900 168 1967 sine
196 1899 289 1961 certa
314 1892 461 1980 pernicie
485 1902 706 1982 persequente
729 1895 877 1960 exercitu
900 1898 1062 1981 putarent

92 1982 293 2055 Provinciae
301 1981 385 2059 fines
394 1980 521 2047 intrare
532 1990 633 2070 posse
642 2004 700 2048 nec
710 1982 777 2048 iam
787 1983 928 2049 liberam
939 1994 1065 2068 ragan·-

94 2072 133 2141 di
157 2069 476 2155 latrociniorumque
496 2068 722 2136 faciendorum
743 2070 938 2137 facultatem
961 2068 1064 2136 habe·

94 2168 182 2239 rent,
204 2155 392 2223 consistunt
404 2157 440 2219 in
457 2155 547 2238 agris
563 2155 804 2225 Cadurcorum.
836 2156 890 2224 lbi
905 2178 981 2223 cum
993 2158 1065 2227 Lu-

95 2247 222 2315 cterius
236 2241 324 2329 apud
335 2261 418 2305 suos
430 2241 519 2306 cives
531 2241 696 2328 quondam
711 2244 851 2329 integris
861 2245 963 2311 rebus
976 2247 1070 2313 mun·

95 2343 169 2400 tum
185 2329 353 2420 potuisset
375 2349 573 2416 semperque
591 2338 709 2397 auctor
727 2333 1065 2405 novorumconsilio-

95 2444 171 2490 rum
188 2438 341 2502 magnam
363 2415 455 2502 apud
476 2415 639 2483 barbaros
659 2420 890 2486 anctoritatem
913 2420 1065 2503 haberet,

95 2505 257 2599 oppidum
263 2502 523 2593 Uxellodunum,
538 2505 628 2592 quod
641 2507 676 2573 in
688 2507 843 2574 clientela
854 2509 968 2575 fuerat
979 2508 1066 2590 eius,

96 2604 220 2673 natura
238 2591 306 2659 loci
325 2592 459 2676 egregic
476 2594 637 2661 munitum
657 2602 796 2682 occupat
811 2599 887 2663 suis
902 2594 1069 2688 etDrap·‚

97 2684 188 2775 potis
204 2679 310 2765 copiis
323 2678 575 2767 oppidanosque
589 2680 658 2747 sibi
671 2685 872 2768 coniungit..
897 2710 899 2715 ¹
968 2706 971 2711 ’
1033 2692 1036 2697 ’

184 2764 357 2834 XXXlll.
392 2765 469 2850 Quo
489 2788 564 2832 eum
576 2768 759 2851 confestim
773 2769 813 2841 C.
827 2768 990 2841 Caninius
1007 2793 1066 2839 vc-

99 2857 207 2925 nisset
223 2851 567 2941 animadverteretque
579 2878 692 2924 omnes
705 2857 823 2946 oppidi
833 2867 950 2947 partes
964 2879 1066 2947 prae-

97 2940 1066 3117 ttttltittzttlttattnld'fttttl

722 3112 724 3117 ,
830 3081 841 3115 l
1050 3073 1066 3090 ⁸

99 3130 167 3188 tem
180 3115 417 3208 impedimenta
429 3116 669 3206 oppidanorum
676 3120 822 3202 uideret,
832 3141 916 3207 quae
927 3120 959 3185 si
970 3125 1066 3191 clau.

100 3207 231 3296 destina
256 3205 335 3289 fuga
360 3201 554 3286 subtrahere
577 3217 795 3289 conarentur,
824 3208 972 3293 effugere
996 3231 1066 3279 non

99 3295 199 3365 modo
221 3295 424 3380 equitatum,
438 3292 508 3367 ,sed
527 3296 737 3382 relegionos
757 3295 890 3384 quidem
912 3306 1064 3385 possent,

99 3383 274 3472 tripartito
297 3378 488 3446 cohortibus
507 3380 735 3450 divisis‘trina·
747 3384 975 3451 excelsissimo
986 3388 1064 3453 loco

100 3478 215 3537 castra
225 3467 316 3548 fecit,
333 3490 352 3532 a
365 3467 487 3555 quibus
500 3471 686 3557 paullatim,
699 3480 861 3558 quantum
874 3471 990 3560 copiae
1003 3496 1065 3563 pa·

100 3556 1066 3647 finiantur,vallu1ninoppidieircuitumduoorcins'tituit.

100 3720 104 3725 .
185 3641 355 3710 XXXIV.
383 3642 484 3729 Quod
499 3667 572 3715 cum
587 3647 731 3719 animum
743 3646 1066 3755 aelucmrcutoppi-

93 3728 178 3799 dani
197 3728 456 3823 miserrimaque
476 3732 618 3800 Alcaico
632 3736 953 3817 montania-solliciti
969 3736 1067 3803 sami-

82 3818 155 3890 lom
182 3844 304 3893 casum
329 3820 548 3893 obsessionis
566 3827 1091 3898 soromatas-,maxumam
