2310 4148
118 132 188 207 ψ
290 111 404 231 Ιιηι
429 104 610 183 nunno
639 50 928 243 cannaco¹

123 294 313 388 legionibus
335 291 465 357 ineam
487 293 617 378 partem
639 294 695 353 est
709 286 900 375 profectus,
921 293 965 353 nt
981 286 1033 354 ibi
1050 311 1102 355 ex·

125 400 269 461 tremum
284 389 418 467 tempus
435 382 645 442 consumeret
660 378 873 444 aestivorum.
898 375 1015 462 Quam
1034 398 1102 442 rem
1128 384 1131 389 '

126 478 218 549 sicut
238 476 349 537 cetera
369 465 525 530 celeriter
539 462 752 548 feliciterque
772 463 933 539 confecit:
955 486 1103 552 namque

128 582 242 633 omues
256 553 460 645 Aquitaniae
475 550 627 616 civitates
639 552 769 633 legatos
783 550 826 615 ad
840 573 917 616 cum
932 554 1104 618 miserunt
1134 574 1139 585 ·

131 647 330 731 obsidesqiue
352 644 383 706 ei
405 637 579 703 dederuut.
623 634 754 723 Quibus
776 639 877 707 rebus
899 642 1012 725 gostis
1034 643 1106 729 ipse

132 760 208 809 oum
222 736 371 822 equitum
382 726 549 815 praesidio
558 721 750 790 Narbonem
765 727 937 812 proiectus
951 737 1030 808 θείς
1054 750 1108 794 01.

125 827 275 905 eercitum
290 841 350 908 por
362 817 493 899 legatos
507 816 539 879 in
552 814 689 878 hiberna
702 812 856 893 deduxit3
878 822 1048 900 quattuor
1061 820 1109 881 le.

135 918 250 1001 giones
263 910 296 972 iu
308 906 422 985 Belgio
437 902 611 967 collocavit
625 923 697 964 cum
708 900 755 966 Μ.
764 900 914 967 Antonio
925 910 962 968 et
969 900 1011 969 G.
1020 902 1109 968 Tro-

135 1000 235 1071 lronio
258 1009 293 1060 et
316 992 357 1059 Ρ.
371 989 512 1056 Vatinio
533 999 567 1053 et
588 986 631 1072 Q.
652 986 769 1052 Tullio
789 990 928 1073 legatis3
961 988 1051 1054 duas
1077 994 1110 1056 in

138 1086 281 1160 Aeduos
297 1079 401 1158 misit,
422 1100 561 1162 quorum
578 1076 610 1137 iu
625 1076 712 1138 ornari
725 1076 837 1139 Gaaliia
849 1079 1012 1141 summam
1029 1099 1111 1142 csse

140 1177 371 1244 auctoritatem
389 1163 534 1240 sciebut3
554 1161 638 1226 durans
654 1162 687 1225 iu
698 1161 855 1227 Turones
870 1162 913 1227 ad
925 1162 1010 1228 fines
1021 1162 1112 1231 Car.
1144 1208 1147 1215 .

140 1271 258 1333 nntium
283 1253 415 1343 posuit,
449 1271 534 1333 quae
557 1270 685 1312 orurrem
709 1252 876 1334 regionem
897 1253 1110 1318 coniunctam

141 1352 279 1417 Oceano
304 1337 530 1415 continereut3
562 1334 646 1427 duqs
666 1337 814 1423 reliquas
836 1338 871 1401 in
891 1336 1112 1405 Lemovicum

139 1438 225 1504 lines
239 1451 304 1494 uon
318 1429 417 1508 longe
433 1424 474 1487 ab
490 1422 668 1504 Arvernis,
684 1447 723 1489 ne
739 1436 803 1510 qua·
815 1446 894 1511 pars
905 1424 1043 1492 Galliae
1056 1449 1115 1494 va-

20 1518 23 1523 *
143 1544 207 1591 cua
222 1518 263 1584 ab
278 1514 423 1582 exercitu
438 1518 538 1578 osset.
566 1509 696 1577 Paucos
712 1509 784 1575 dies
796 1512 871 1599 ipsc
883 1513 918 1578 in
932 1512 1114 1580 Provincia

71 1676 78 1703 ἱ
144 1613 297 1679 moratus
321 1622 394 1666 cnm
417 1600 572 1663 celeriter
594 1620 706 1664 omues
726 1604 906 1665 conventus
930 1610 1115 1689 ¹percucur-

144 1699 261 1772 risset‚
282 1688 435 1779 publicas
449 1686 692 1751 controversias
707 1686 927 1771 cognovisset,
946 1688 1035 1771 bene
1049 1712 1116 1754 mc·

11 1848 14 1853 .
145 1786 224 1853 ritis
237 1776 384 1869 praemia
405 1773 583 1839 tribuisset
600 1808 643 1820 -
664 1772 884 1857 cognoscendi
895 1776 1119 1842 enimmaxu·

144 1892 236 1941 mam
256 1865 451 1931 facultatem
472 1859 634 1939 babebat,
663 1861 757 1944 quali
780 1862 924 1949 quisque
944 1864 1059 1930 auimo
1080 1866 1118 1928 in

146 1954 388 2043 rempublicam
403 1949 526 2013 fuisset
539 1947 644 2011 totius
654 1946 786 2012 Galliae
802 1948 1000 2031 defectione,
1015 1973 1116 2038 quam
1150 2005 1155 2038 ἰ

146 2045 362 2115 'eaustiuucrat
381 2036 546 2103 fidelitate
572 2041 672 2121 atquo
695 2036 829 2100 auxiliis
852 2034 1054 2107 Provinciae
1075 2038 1118 2105 il.
1154 2049 1155 2058 ¹

93 2154 96 2161 ¹
150 2136 293 2209 lius-3
314 2128 367 2191 his
389 2124 489 2188 rebus
512 2123 672 2187 coniectis
691 2121 733 2186 ad
747 2121 945 2208 legionesin
960 2124 1119 2212 Belgium

152 2244 191 2288 se
205 2215 328 2297 recipit
341 2211 559 2292 hibernatque
573 2206 853 2279 Nemetocennae.
1037 2242 1041 2247 -
1153 2243 1155 2262 .

150 2326 155 2333 ·
238 2295 389 2366 XLVII.
431 2294 484 2358 lbi
515 2295 686 2378 cognoscit
707 2293 894 2362 Commium
915 2294 1119 2365 Atrebatem

152 2388 283 2482 proelio
304 2405 378 2451 cum
400 2381 552 2469 equitatu
579 2402 640 2445 sno
662 2384 885 2453 contendisse.
928 2383 1018 2454 Nam
1043 2394 1120 2451 cum

155 2474 328 2545 Antonius
349 2473 384 2535 iu
406 2471 542 2534 hiberna
562 2469 727 2551 venisset,
749 2473 935 2558 civitasque
949 2473 1121 2541 Attreba-

156 2572 229 2632 tum
250 2564 283 2626 iu
306 2558 417 2625 officio
441 2565 604 2636 maneret3
633 2554 820 2639 Commius,
848 2542 1006 2648 quiqiost
1023 2563 1121 2625 illam

153 2649 434 2723 vulnerationem,
455 2666 553 2730 quam
574 2656 677 2730 supra
695 2648 966 2729 commemoravi,
987 2667 1123 2735 semper

156 2738 199 2821 ad
214 2756 327 2804 omnes
347 2746 456 2797 motus
482 2738 618 2817 parratas
637 2732 710 2796 suis
731 2734 860 2798 civibus
877 2756 952 2800 esse
963 2756 1124 2801 consues-

157 2833 230 2901 set,
252 2846 292 2888 ne
308 2821 446 2886 consilia
467 2818 548 2882 belli
562 2819 800 2903 quaerentibus
816 2828 934 2886 auctor
949 2842 1123 2888 armorum

158 2911 290 2997 duxque
305 2909 448 2985 deesset,
470 2912 607 2992 parente
621 2905 782 2974 Romanis
798 2910 944 2987 civitate,
957 2930 1034 2973 cum
1051 2911 1125 2976 onis

158 2998 329 3085 equitibus
356 3016 392 3058 se
414 3013 558 3078 suosque
578 2993 764 3059 latrociniis
789 2996 901 3061 alebat
921 2996 1127 3082 infestisque

156 3084 334 3153 itineribus
348 3092 550 3146 commeatus
568 3080 774 3166 complures,
796 3085 854 3167 qni
868 3082 1128 3171 comportaban-

34 3238 40 3247 ,
157 3181 217 3239 tur
228 3173 262 3236 in
275 3171 413 3234 hiberna
429 3168 672 3247 Romanorum,
694 3168 941 3258 intercipiebat.
1070 3180 1074 3187 '

158 3278 164 3287 ·
243 3254 411 3324 XLVIII.
451 3254 535 3319 Erat
553 3255 737 3344 attributus
759 3256 910 3323 Antonio
932 3256 1125 3345 praefectus

158 3345 308 3432 equitum
330 3342 369 3411 C.
384 3340 577 3407 Volusenus
595 3340 809 3427 Quadratus,
827 3346 978 3430 quicum
1000 3365 1040 3409 eo
1056 3343 1127 3408 bie·

159 3442 278 3498 maret.
319 3428 417 3494 Hunc
433 3429 605 3495 Antonius
627 3427 670 3491 ad
691 3429 956 3518 persequendum
975 3431 1126 3495 bostium

30 3510 43 3591 f
160 3521 345 3604 equitatum
368 3516 499 3583 mittit.
526 3512 720 3597 Volusenus
741 3528 851 3583 autem
872 3518 1002 3583 adeam
1016 3520 1127 3582 virtu-

160 3612 246 3685 tem,
276 3625 361 3691 qnae
383 3603 562 3687 singularis
585 3602 620 3667 iu
642 3624 680 3667 eo
705 3612 795 3685 erat,
827 3624 980 3691 maguum
1010 3601 1126 3670 odium

160 3690 304 3760 Commii
319 3690 537 3776 adiungebat,
557 3694 623 3776 quo'
642 3688 1013 3771 libentius-id'iacereb,
1033 3690 1129 3776 qnod

151 3778 402 3878 imperabatur.
431 3778 553 3867 ltaque
567 3777 746 3866 dusqoaaitis
754 3780 892 3846 insidiis
901 3779 1036 3865 soeqios
1049 3777 1129 3847 eius

868 3912 888 3959 II.
955 3964 961 3985 t
