2310 4154
308 204 827 310 .·narn·ru1.··.·
927 156 1044 307 ⁴aas

71 380 223 482 praecipi
249 398 379 482 posset.
428 390 543 462 'I'ante
569 396 647 459 erat
672 384 919 476 magnificentia
945 387 1036 481 apud

70 480 320 568 opulentiores,
339 479 508 571 cupiditas
521 479 611 585 aqud
622 478 829 546 humiliores.

152 562 236 635 LII.
260 566 344 636 Cum
358 586 471 636 omnes
487 590 639 654 regiones
650 562 1036 651 GalliaeTegatacGae-
1098 636 1100 639 .

71 675 131 722 sar
152 656 437 744 percucurrisset,
459 678 588 723 summa
602 676 676 722 cum
693 655 873 720 celeritate·
885 652 928 720 ad
941 672 1035 717 exer-

70 742 175 809 citum
190 741 471 816 Nemetocennam
483 741 595 824 rediit,
606 740 861 829 legionibusque
874 762 914 806 ex
930 739 1037 805 omni-

70 827 136 894 bus
153 829 310 899 bibernis,
324 830 367 896 ad
385 831 468 897 fines
485 829 705 898 Trevirorum
725 830 872 897 evocatis
895 849 934 894 eo
954 848 1037 913 pru·¹

70 916 180 983 fectus
195 925 249 983 est
263 918 377 1005 ibique
391 921 572 984 exercitum
586 916 758 985 lustravit.
787 915 833 984 Τ.
847 914 1034 981 Labienum

72 1002 205 1081 Galliae
222 1002 374 1090 Togatae
391 1007 569 1094 praefecit,
591 1026 658 1094 quc
678 1003 803 1070 maiore
825 1000 1035 1071 cemmenda-

70 1091 163 1156 tioue
182 1094 420 1160 conciliaretur
434 1092 477 1159 ad
493 1095 687 1161 consulatus
702 1091 910 1181 petitionem·
953 1087 1035 1177 Ipse

70 1185 202 1243 tantum
229 1179 387 1244 itinerum
406 1180 569 1262 iaciebat,
599 1186 762 1269 quantum
784 1178 872 1245 satis
891 1198 968 1244 esse
989 1173 1035 1240 ad

70 1265 287 1330 mutationem
302 1268 452 1332 locorum
464 1290 526 1354 pre
551 1275 603 1333 ter
614 1267 848 1334 salubritatem
862 1265 1035 1332 existima·

70 1352 142 1420 bat.
186 1350 241 1419 Ibi
262 1370 451 1441 quanquam
469 1290 586 1420 crebro
610 1353 768 1418 audiebat
785 1353 972 1432 Labienum
989 1349 1034 1417 ab

69 1437 215 1506 inimicis
247 1442 319 1507 suis
342 1442 540 1521 sollicitari,
569 1440 759 1526 certiorque
788 1438 893 1505 fiebat
913 1438 956 1511 ¹id
978 1437 1034 1522 agi

69 1545 253 1614 paucerum
272 1529 442 1610 consiliis,
460 1537 501 1595 ut
519 1527 718 1614 interposita
734 1533 871 1621 senatres
887 1525 1035 1591 auctori-

65 1620 143 1679 ·'tate
155 1614 267 1702 aliqua
279 1623 375 1703 parte
387 1616 552 1682 exercitus
564 1616 785 1703 spoliaretur3
802 1621 914 1680 tamen
926 1632 1037 1697 neque¹

70 1699 266 1769 deLabiene
279 1702 423 1791 credidit
435 1703 627 1792 quicquam,
639 1722 746 1789 usquc
761 1710 878 1767 centra
893 1707 1032 1766 senatus

68 1791 303 1856 auctoritatem
323 1799 363 1856 ut
383 1790 511 1878 aliquid
524 1793 651 1857 faceret
662 1788 776 1879 potuit
788 1787 925 1854 adduci:
943 1784 1046 1852 iudi:
1101 1812 1103 1817 ·

69 1875 170 1942 cab'at
188 1879 275 1945 enim
295 1878 412 1944 liberis
431 1877 605 1944 sententiis
620 1884 754 1967 patrum
768 1875 1033 1963 conscriptorum

68 1985 223 2031 caussam
240 1986 333 2041 suam
350 1966 449 2030 facile
461 1964 621 2034 obtineri.
660 1961 751 2032 Nam
768 1963 809 2033 C.
823 1961 947 2038 Curio,
968 1961 1033 2026 tri-

67 2051 179 2117 bunus
193 2053 321 2142 plebis,
337 2074 411 2118 cum
425 2051 583 2159 Caesaris
597 2072 751 2119 caussam
771 2051 1034 2200 dignitatemqqe
1050 2100 1054 2115 ,
1088 2054 1089 2058 ’

69 2136 309 2209 defendendam
331 2148 556 2229 susceprseet,
572 2160 676 2228 saepe
697 2145 773 2205 crat
785 2145 920 2205 senatur
932 2159 976 2226 po
1017 2173 1034 2188 ·

68 2227 170 2307 utus,
188 2231 220 2294 si
232 2250 330 2382 quem
343 2229 448 2294 timor
461 2249 629 2294 armerum
644 2225 802 2295 Caesaris
813 2224 975 2306 laederet,
985 2230 1034 2323 et,

67 2314 223 2402 quoniam
270 2317 392 2403 ompeii
415 2314 597 2382 dominatio
620 2319 721 2400 atque
743 2334 920 2377 armenon
934 2312 1034 2377 mini-
1070 2370 1080 2387 „

68 2409 159 2466 mum
171 2411 335 2469 terrorem
348 2403 421 2469 iere
433 2402 611 2480 inferrent,
632 2399 821 2465 discederet
833 2405 909 2464 uter
957 2397 1033 2464 eab

69 2489 172 2553 armis
185 2489 416 2573 exercitusque
431 2487 635 2574 dimitteret,
652 2486 724 2552 fere
737 2508 776 2552 ee
789 2486 879 2552 facte
908 2487 916 2502 “
941 2506 1033 2552 eram

69 2582 106 2640 ot
121 2576 174 2640 sui
186 2575 271 2641 iuris
286 2575 467 2641 civitatem.
509 2573 629 2661 Neque
641 2574 701 2640 boc
716 2579 845 2640 tantum
859 2573 1034 2663 pellicitus

67 2670 140 2744 est,
165 2661 348 2728 sedetiam
370 2683 433 2749 per
453 2682 492 2726 se
512 2659 749 2729 discessionem
776 2660 887 2729 tacere
908 2660 1037 2750 eoepit,
1096 2724 1099 2733 κ

68 2785 114 2802 ·-
129 2749 224 2839 ,quod
241 2771 282 2816 ne
301 2749 398 2817 fieret
418 2750 571 2825 consules
587 2748 748 2835 amicique
759 2745 912 2836 Pompeii
924 2749 1034 2837 iusse-

68 2846 149 2908 runt
166 2875 210 2888 —
232 2844 332 2923 atque
345 2836 394 2903 ita
410 2858 480 2913 rem
496 2835 697 2906 moderando.
713 2835 952 2904 discesserunt.

155 2923 254 2993 LIII.
291 2922 447 3009 Magnum
468 2924 530 2992 hec
552 2924 778 3009 testimonium
800 2931 938 2991 senatus
955 2928 1033 2999 ¹erat
1085 2921 1088 2938 ¹

69 3011 218 3081 universi
236 3013 496 3100 conveniensque
511 3012 677 3100 superiori
690 3011 792 3080 facto.
833 3011 924 3079 Nam
940 3010 1035 3076 Mar-

69 3101 177 3167 cellus
191 3121 352 3188 proxumo
373 3122 478 3181 anno,
498 3121 572 3165 cum
585 3100 798 3186 impugnaret
810 3097 967 3168 Caesaris
981 3096 1034 3163 di·
1087 3140 1090 3151 ·

70 3188 251 3273 gnitatem,
270 3193 384 3252 centra
397 3188 504 3272 legem
519 3186 671 3275 Pompeii
683 3194 720 3252 ct
732 3185 850 3255 Crassi
867 3186 1033 3252 retulerat

71 3274 148 3339 ante
162 3281 293 3363 tempus
308 3272 350 3338 ad
364 3281 515 3339 senatum
524 3273 738 3357 deCaesaris
751 3273 943 3363 provinciis,
956 3295 1033 3340 sen·
1079 3307 1082 3316 =

71 3362 252 3447 tentiisque
287 3359 387 3428 dictis
422 3360 657 3429 discessionem
689 3362 830 3431 iaciente
858 3362 1034 3443 Marcello,

69 3449 130 3538 qui
143 3448 208 3514 sibi
223 3470 350 3514 omnem
365 3447 560 3534 dignitatem
573 3473 613 3528 cu
621 3448 778 3518 Caesaris
791 3448 916 3516 invidia
932 3469 1035 3539 quae-

70 3537 180 3616 rebat,
193 3542 330 3601 senatus
344 3535 501 3622 frequens
516 3539 550 3602 in
565 3539 631 3602 alia
645 3538 754 3604 emnia
772 3537 920 3604 transiit.
946 3536 1035 3623 Qui-

71 3624 136 3691 bus
162 3646 227 3689 non
254 3624 494 3710 frangebantur
513 3626 614 3690 animi
635 3625 842 3691 inimicorum
864 3624 1033 3702 Caesaris,

73 3711 133 3777 sed
156 3709 435 3792 admonebantur,
464 3734 531 3797 quo
552 3712 882 3801 maioresqararant
893 3710 1055 3773 necsegn-

73 3799 223 3880 tudines,
259 3799 382 3886 quibus
406 3801 488 3886 cogi
512 3807 640 3892 posset
668 3804 819 3876 senatus
835 3795 887 3866 ‘nd
905 3786 1092 3879 vemt*

60 3885 152 3993 qued
166 3886 238 3978 ipsi
252 3889 541 3968 constituissent.
