2310 4148
417 98 659 187 'moun
701 109 765 189 vr.
919 83 929 93 ’“
1014 116 1090 195 223,

71 362 76 373 ,
115 293 313 365 funduntur.
362 290 488 361 Eadem
510 302 564 362 est
586 292 729 361 feminac
756 291 927 382 marisque
947 276 1080 378 natura,

71 438 74 443 .
116 385 232 452 eadem
248 381 818 472 lormamagnitudoquecornuum.
1079 406 1082 413 ·

202 485 360 556 XXVII.
405 487 493 554 Sunt
515 474 703 575 itemquae
726 485 940 573 appellantur
960 485 1080 555 Alces.

115 570 248 641 Harum
262 584 316 641 est
329 577 512 643 consimilis
528 576 659 663 capreis
676 575 784 660 figura
798 580 833 638 et
846 574 991 640 varietas
1009 574 1082 660 pel-

113 660 217 745 lium,
246 662 305 728 sed
324 662 550 747 magnitudine
571 664 685 751 paullo
711 659 911 727 antecedunt
928 658 1082 725 mutilae-

115 770 181 836 que
203 759 283 816 sunt
303 753 459 825 cornibus
485 760 520 816 et
540 772 638 816 crura
657 750 729 816 sine
747 747 843 815 nodis
859 747 1081 835 articulisque

114 837 257 918 habeut3
278 860 385 925 neque
399 840 523 927 quietis
539 860 659 904 caussa
675 837 896 928 procumbunt
910 858 1027 923 neque,
1049 836 1081 903 si
1135 878 1140 899 2

114 945 181 1011 quo
197 926 341 992 afflictae
359 950 439 993 casu
454 927 677 1007 conciderint,
699 925 828 1010 erigere
842 944 916 1001 sese
930 932 989 988 aut
1002 922 1086 988 snbae'

58 1044 60 1049 ·
112 1013 227 1079 levare
244 1022 399 1103 possunt.
431 1013 497 1080 His
512 1021 591 1079 sunt
605 1013 742 1081 arbones
756 1034 819 1101 pro
832 1012 1017 1086 cubilibus,
1039 1006 1084 1074 ad·

113 1121 172 1166 eas
195 1124 232 1167 se
250 1104 422 1190 applicant
436 1109 538 1190 atque
550 1102 599 1167 ita
620 1103 770 1191 paullum
785 1099 882 1165 modo
898 1099 1086 1191 reclinatae

112 1190 261 1275 quietem
286 1188 433 1277 capiunt.
485 1189 637 1276 Quarum
664 1210 705 1254 ex
736 1188 889 1274 vestigiis
919 1208 994 1253 oum
1026 1190 1084 1251 cst

114 1273 379 1357 animadversum
403 1299 423 1341 a
443 1277 677 1357 venatoribus,
696 1296 763 1426 pao
783 1297 819 1341 se
841 1275 990 1363 recipcre
1003 1282 1086 1340 cou-'

113 1363 257 1441 suerint,
279 1384 392 1426 omnes
408 1385 447 1427 eo
463 1364 536 1428 loco
552 1369 610 1427 aut
626 1382 695 1427 ara
721 1362 828 1428 icibus
843 1363 1008 1427 subruunt
1023 1366 1087 1427 aut

114 1449 272 1515 accidunt
293 1450 429 1514 arbores
450 1456 599 1527 tantum,
620 1454 661 1513 ut
678 1455 807 1516 sum'ma
822 1453 951 1537 species
966 1452 1092 1513 caruan‘
1129 1518 1150 1535 ,Ι

113 1539 276 1603 stantium
303 1537 525 1622 relinquatur.
577 1533 654 1601 Huc
681 1557 755 1601 cum
784 1557 821 1601 se
841 1530 1092 1609 consuetudine*-

114 1624 370 1703 reclinaverint,
405 1624 556 1689 infirmas
584 1623 722 1690 arbores
752 1621 901 1713 pondere
928 1622 1086 1709 affligunt

115 1719 219 1801 atque
236 1733 302 1776 una
319 1713 414 1800 ipsae
429 1710 620 1782 concidunt.
788 1722 792 1729 '
1069 1722 1092 1737 ''

199 1812 373 1883 XXVIII.
417 1814 573 1883 Tertium
597 1821 652 1880 est
672 1834 776 1900 genus
791 1836 923 1896 eorum,
969 1814 1004 1880 ui
1026 1812 1089 1901 uri'
1124 1864 1127 1869 -

116 1904 340 1990 appellantur.
377 1899 426 1970 Hi
443 1910 521 1968 sunt
538 1901 766 1988 magnitudine
781 1838 998 1992 paulloiplra
1014 1904 1082 1967 elo·
1116 1954 1119 1959 .

113 1990 276 2077 phantas3
293 1990 410 2077 specie
431 1996 466 2055 et
487 1991 598 2056 colore
620 1996 656 2055 et
677 1990 784 2075 figura
807 1991 909 2057 tauri.
958 1986 1082 2074 Magna

113 2077 165 2143 vis
179 2083 232 2142 est
247 2098 361 2142 coruum
377 2083 411 2142 et
425 2076 733 2163 magnavelooitas3
755 2098 862 2165 neque
875 2077 1010 2159 homini,
1023 2100 1106 2179 ne-,I¹

138 2185 180 2228 ue
199 2163 308 2246 ferae,
329 2187 428 2252 quam
446 2164 697 2254 conspexerint,
717 2168 874 2255 parcunt.
916 2162 991 2231 Hos
1008 2166 1082 2231 stu-¹

96 2185 209 2316 ¹diosc
229 2252 333 2318 lovels
349 2260 466 2341 captos
481 2252 698 2318 interficiunt.
740 2250 816 2318 Hoc
835 2274 872 2319 se
888 2250 1003 2327 labore
1019 2252 1090 2318 du·'

112 2346 191 2404 ran't
213 2339 361 2405 homiues
383 2339 612 2405 adolescentes
636 2347 736 2426 atque
757 2340 818 2404 hoc
841 2361 960 2422 genere
980 2360 1082 2404 vena-

112 2425 217 2492 tionis
233 2433 385 2492 exercent
405 2432 440 2492 et
459 2428 517 2513 qni
533 2424 698 2515 plurimos
711 2446 751 2490 cx
763 2425 816 2490 his
832 2425 1082 2505 interfecerant,

112 2513 231 2579 relatis
252 2512 286 2577 iu
305 2511 477 2599 publicum
497 2513 672 2593 cornibus,
695 2533 780 2598 quae
793 2511 862 2578 sint
877 2513 1082 2592 testimonio,

112 2620 267 2685 magnam
286 2598 399 2664 ferunt
422 2598 567 2668 laudem.
611 2598 680 2667 Sed
703 2620 896 2665 assuescere
917 2597 959 2664 ad
975 2596 1095 2665 homi-⁶

113 2708 175 2752 nes
199 2691 235 2753 et
255 2686 467 2752 mansuefieri
491 2707 532 2750 ne
551 2687 682 2773 parvuli
701 2685 984 2774 quidem'excepti
1000 2710 1094 2777 pos·-

114 2780 207 2843 sunt.
244 2772 449 2863 Amplitudo
464 2794 624 2841 cornuum
636 2783 671 2840 et
683 2774 789 2865 ligura
802 2781 838 2863 ct
849 2778 979 2865 species
994 2777 1081 2843 mul-
1122 2790 1135 2811 ⁹

149 3090 215 3162 Cap.
236 3091 352 3147 XXVll.
392 3094 545 3149 concinitis
566 3093 677 3162 capreas
694 3093 810 3164 figura]
841 3092 1030 3167 Brachylogic5
1057 3114 1080 3149 s.

183 3163 285 3235 zumpa
307 3167 331 3228 §-
352 3147 411 3218 ton
443 3165 523 3236 vagi.
548 3162 607 3218 aaa.
627 3162 676 3218 lv,
701 3161 769 3235 cap.
783 3164 871 3217 xxu
895 3184 923 3234 p.
939 3166 1000 3222 134.
1023 3164 1080 3219 aaa

184 3228 223 3280 im
240 3230 365 3285 nachsten
381 3232 500 3304 Capitel:
525 3231 676 3303 amplitudo
693 3250 827 3285 cornuum
847 3242 874 3284 et
886 3235 970 3302 ligura
983 3244 1009 3286 et
1024 3252 1082 3304 spe·

183 3297 238 3349 cies
269 3301 387 3352 multum
415 3321 430 3353 a
461 3310 617 3354 nonnarum
646 3301 730 3354 boum
759 3299 887 3354 cornibus
917 3300 1081 3356 diflert·—

183 3366 212 3416 si
231 3383 285 3432 quo
302 3369 429 3438 afflatae
447 3389 517 3423 casu
541 3371 726 3439 comederint]
756 3367 837 3438 vergi.
859 3368 926 3437 Cap.
939 3369 1028 3424 XVll.
1073 3378 1095 3423 .'

182 3435 243 3487 217.
265 3453 333 3504 quac
357 3437 551 3509 superaverint,
575 3439 642 3508 Cap.
657 3438 730 3491 XIX.
755 3457 782 3508 p.
802 3439 863 3492 218.
889 3440 956 3512 Cap.
974 3390 1078 3493 XXIII.

182 3503 288 3622 12thst
330 3504 406 3561 Eheu
424 3525 455 3559 so
474 3505 560 3578 gleicln
579 3504 697 3561 uachher
718 3505 774 3560 huc
796 3524 859 3560 cum
877 3524 907 3560 sc
923 3534 957 3552 -·
971 3505 1080 3562 reclina·

219 3590 261 3622 rin
275 3608 283 3622 ο

147 3654 214 3727 Cap.
227 3629 355 3710 XXVIII.
392 3659 518 3712 Tertium
532 3670 574 3714 est
587 3675 677 3727 genus
693 3661 810 3732 eorum}
822 3658 957 3713 miirtl‘mli
965 3658 1098 3710 annua·-

181 3732 284 3776 setzen:
302 3723 355 3777 Die
373 3725 450 3780 dritte
463 3729 569 3783 Artdst
588 3728 633 3783 die
651 3728 812 3801 derlcnlgcn
827 3728 973 3796 (liliatum
995 3722 1065 3791 tXw'
1078 3730 1120 3761 'm

105 3807 108 3811 ·
179 3789 298 3846 colliaco
317 3795 386 3850 nacla
402 3799 507 3873 Zumpt
530 3802 636 3868 §.767.
656 3797 766 3857 Schola
784 3787 1076 3874 ςῶδιῖἅῑῆβιῖ·
1113 3780 1117 3785 ’
