2310 4154
5 75 41 170 Ῠ
83 76 152 209 aas
291 134 363 206 ns
389 130 568 205 necno
597 107 895 230 canarno)

404 349 733 463 errentur.

350 519 902 641 resparserunt.
1031 503 1039 527 i

119 694 195 748 Nora
210 674 397 746 ¹Gallorum'de
410 690 485 744 bello
495 688 605 744 consilia
622 690 689 746 duce
701 686 921 764 Vercingetorige.
956 692 1056 749 &esar

152 782 289 835 Arvernos
308 776 573 850 opprimit‚·appida
591 777 730 832 Senonum
748 774 953 849 Carnutumque
973 781 1056 853 capit,

153 865 313 923 Alaricum,
337 861 433 915 urbem
445 861 610 932 Biturigum,
633 863 738 917 fortiter
758 863 896 931 deleapum
912 875 1054 934 expugnat.

60 934 69 955 '¹
154 949 309 1003 Aeduorum
323 947 415 1000 turbas
430 948 575 1018 componit,
593 966 667 1020 quae,
683 948 749 1001 dum
764 948 819 1020 ipse
827 947 991 1019 Gergoviam
1003 969 1055 1022 op·

154 1045 271 1108 pugnat,
292 1028 392 1086 ‘denuo
420 1031 567 1084 excitantur
599 1033 740 1103 graviores.
789 1024 1054 1091 solua-obsidione

68 1180 70 1187 Α
150 1119 250 1174 caesar
271 1119 301 1172 in
317 1116 425 1195 Aeduos
447 1117 627 1187 proficiscitur
649 1121 727 1190 eique
743 1117 875 1171 labienus
894 1136 925 1171 re
943 1119 975 1172 in
988 1117 1053 1177 ¹Pa'-

152 1205 223 1259 risiis
244 1204 358 1256 feliciter
377 1200 448 1272 gesta
469 1220 497 1254 se
512 1201 658 1271 coniungit.
693 1204 830 1258 Deficiunt
841 1202 933 1272 plures
947 1203 1053 1259 Aeduo-

153 1307 217 1341 rum
241 1289 360 1361 exemplo
382 1297 411 1342 et
430 1286 570 1358 Cseearem
594 1286 628 1345 in,
642 1286 768 1359 sequanis
794 1287 908 1358 aggressi
936 1288 1052 1343 vincun-

151 1381 221 1429 tur..
239 1370 436 1444 Vercingetorix
455 1370 614 1426 Alesiam·oe
634 1373 750 1438 confert,
775 1390 857 1443 quam
873 1370 970 1428 Caesar
990 1394 1052 1447 ope·

153 1475 215 1516 roas
226 1457 377 1519 obsidione,
395 1457 555 1529 profligatis,
572 1458 620 1530 qui
633 1457 732 1511 auxilio
744 1467 877 1521 venerant.
894 1456 928 1513 sd
940 1457 1051 1514 deditio·

47 1575 51 1594 .
151 1562 215 1611 nem
227 1544 306 1615 ragit.
339 1543 466 1613 Legiones
475 1541 509 1597 ⁴in
523 1540 634 1596 hiberna
647 1542 790 1599 distribuit.

578 1622 597 1663 Ι

83 1719 115 1790 I·
152 1696 293 1809 ,Quieta
315 1721 431 1790 'Gallia
452 1721 581 1792 Caesar
606 1730 645 1789 ut
670 1722 894 1789 constituerat
914 1722 951 1789 in
975 1722 1051 1792 Ita-

83 1810 165 1874 liam
188 1811 231 1876 ad
250 1818 432 1891 conventus
460 1809 605 1895 agendos
628 1811 865 1899 proficiscitur.
913 1808 970 1877 lbi
990 1834 1049 1878 co-

2 1952 9 1958 .
85 1899 219 1984 gnoscit
249 1897 290 1965 dc
310 1896 422 1966 Clodii
449 1898 566 1979 caede,
594 1897 636 1963 de
661 1907 864 1984 senatusque
888 1901 1047 1967 consulto

7 2040 13 2049 .
87 1986 214 2052 certior
237 1986 367 2067 faetus,
394 1992 435 2052 ut
455 2007 568 2071 ornnes
586 1985 732 2052 iuniores
746 1984 867 2052 ltaliae
883 1982 1048 2053 'coniura-

83 2079 181 2154 rent,
217 2071 383 2153 delectum
416 2082 487 2140 tota
519 2072 699 2140 Provincia
731 2071 854 2146 habere
881 2071 1047 2153 instituit.

82 2157 155 2224 Eae
177 2180 233 2226 res
253 2162 289 2226 in
301 2160 455 2228 ,Galliam
474 2160 734 2247 Transalpinam
757 2160 912 2226 celeriter
932 2162 1048 2251 perfo-

82 2252 224 2328 rnatum
255 2245 384 2313 addunt
404 2248 474 2336 ipsi
492 2255 528 2314 et
550 2247 714 2332 attingunt
737 2245 928 2313 rumoribus
950 2248 1047 2321 Galli

82 2332 175 2490 guod
193 2354 250 2401 res
272 2357 411 2425 poscere
431 2332 628 2401 ridebaturt
655 2335 792 2401 retineri
805 2335 1045 2410 urbanomotu

18 2501 20 2506 Ι
115 2444 263 2489 cesarem
283 2445 398 2512 neque,
412 2422 448 2487 in
470 2423 574 2489 tantis
594 2421 860 2491 dissensionibus
882 2421 925 2488 ad
945 2446 1045 2492 exer-

83 2511 187 2576 citum
215 2513 328 2580 venire
351 2531 463 2600 posse.
513 2508 587 2575 Hac
615 2510 754 2598 impulsi
782 2511 953 2578 occasione
980 2510 1044 2600 qui

82 2597 150 2664 iem
176 2605 254 2666 ante
270 2599 394 2685 Populi
408 2597 551 2664 Romani
578 2598 719 2688 imperio
749 2598 920 2665 subiectos
947 2598 1044 2667 dole-

81 2693 175 2763 rent,
195 2686 335 2753 liberius
352 2694 452 2773 atque
466 2684 625 2750 audacius
641 2686 682 2751 de
696 2686 784 2753 bello
800 2686 940 2753 consilia
954 2687 1044 2756 inire

80 2770 256 2858 incipiunt.
298 2773 439 2840 indictis
458 2773 545 2838 inter
557 2782 603 2839 ‘se
623 2774 792 2861 principes
812 2773 943 2842 Galliae
963 2797 1045 2842 cou-

81 2860 170 2926 ciliis
184 2861 396 2928 silvestribus
412 2883 450 2927 ac
465 2862 603 2928 remotis
617 2862 700 2928 lonis
713 2869 899 2948 queruntur
910 2858 952 2925 dc
971 2861 1044 2930 Ac·

81 2946 174 3014 conis
193 2953 319 3031 morte3
346 2949 432 3015 hunc
455 2971 569 3014 casum
591 2948 633 3015 ad
653 2949 745 3037 ipsos
769 2946 916 3018 recidere
936 2969 1043 3034 posse

82 3033 328 3118 demonstrant3
363 3036 566 3102 miserantur
590 3047 792 3103 communem
814 3034 943 3101 Galliae
968 3035 1044 3103 ior-

80 3129 213 3206 tur'rarnx
248 3123 400 3191 omnibus
417 3124 721 3229 pollicitationibus
742 3147 779 3189 ac
800 3122 958 3210 praemiis
979 3123 1040 3190 de-

41 3232 48 3243 ’
79 3219 232 3301 poscunt,
247 3213 306 3299 qui
318 3212 400 3280 belli
414 3212 547 3283 mitium
563 3212 688 3279 faciant
699 3218 735 3277 st
747 3210 800 3291 sui
812 3209 933 3299 capitis
946 3213 1041 3302 peri-

76 3417 279 3439 -μ--ι--ι-

25 3547 27 3552 ’
111 3535 319 3633 mavrrjcap.
334 3562 355 3615 1.
386 3527 603 3632 ρμιιιαιιαιιῑα]
622 3564 722 3632 eumn
736 3562 829 3626 §.ora
847 3559 945 3614 sesua
956 3550 1038 3634 pto.

147 3630 196 3682 Nr.
218 3634 260 3686 12.
289 3659 324 3670 -
367 3630 486 3683 Indictis
504 3635 577 3683 int-er
600 3650 632 3685 se
652 3635 795 3698 principes
818 3631 931 3684 Gallr'oe
951 3637 1038 3685 conci·

143 3700 204 3769 Ιώ]
230 3699 298 3750 iiber
318 3700 359 3752 die
377 3699 586 3771 Wortstellung
610 3700 691 3771 rergl.
715 3700 774 3754 Lib.
792 3698 833 3764 V.¹
848 3699 914 3770 Cap.
936 3700 1033 3761 XLIX.

1 3790 5 3800 ·
116 3771 242 3860 '‘p-122.
259 3769 318 3829 193.
