2310 4154
371 98 809 209 n÷1·'irn-n.1r..:··
933 72 1029 211 '143
1078 73 1083 79 .

54 302 466 404 ehudidnoni'ubnrbaris
477 309 1028 401 initumoousilineohortem-quoe

18 434 22 439 ·
53 406 95 470 iu.
113 400 318 469 stationibus
341 408 453 478 erunt,
482 420 592 463 seeum
608 399 642 461 iu
660 419 731 463 eom
745 409 875 486 purtem
893 404 1027 488 profici·

53 492 125 569 sei,
155 487 238 552 dues
259 493 309 551 ex·
321 488 461 571 reliquis
481 487 516 551 in
536 486 715 552 stationem
729 487 925 567 succedere,
945 491 1027 554 reli-

53 581 141 664 q'uns
158 574 282 639 armori
296 578 331 639 et
343 573 518 639 confestim
531 595 607 638 sese
621 572 781 658 subsequi
797 574 911 641 iussit.
940 575 1026 643 Cum
1137 596 1141 604 ·

80 663 171 729 anilo
187 662 322 746 lougius
337 682 356 725 a
371 662 494 735 eastris
510 658 748 748 processisset,
763 682 850 726 suos
864 663 906 727 ab
920 663 1028 728 bosti-

53 687 119 817 bos
134 749 242 838 premi
263 742 363 835 atqu'e
381 736 664 833 seg'resustindre
677 755 715 812 et
729 749 878 814 conferta
896 751 1027 832 legione

54 862 96 903 ex
119 837 273 901 omnibus
296 835 450 922 pertibus
474 836 541 900 tuin
562 835 681 900 ooniiei
700 836 846 900 animum
868 836 1028 907 advertit.

52 924 143 1013 Num
168 922 257 1011 quod
279 923 369 989 omni
390 945 431 988 ex
452 923 592 1009 reliquis
610 922 763 1009 partibus
779 921 932 989 demesso
954 925 1027 989 fru-

55 1019 174 1079 mento.
187 1034 268 1100 pers
285 1034 350 1077 unu
371 1015 446 1075 erut
464 1011 615 1095 relique,
645 1010 808 1095 suspicati
825 1012 939 1075 hostes
962 1012 1030 1077 buo

54 1107 188 1166 nostros
210 1119 285 1164 esse
304 1105 463 1163 venturos
491 1104 594 1163 noctu
617 1096 653 1162 in
679 1096 777 1163 silvis
802 1094 1026 1178 delituerant3

54 1196 126 1253 tum
147 1185 340 1274 dispersos,
368 1185 533 1271 depositis
550 1186 653 1250 armis
666 1185 700 1249 in
715 1186 869 1250 metendo
884 1207 1026 1277 oeeupa-

54 1284 126 1355 tos,
155 1274 268 1338 subito
285 1270 394 1336 adorti
410 1278 532 1358 parteis
551 1272 737 1337 interiectis
754 1274 904 1359 reliquos
918 1275 1025 1339 ineer-

53 1364 99 1427 tis
120 1359 294 1425 ordinibus
318 1359 612 1443 perturbaverant,
633 1359 737 1425 simul
750 1363 903 1446 equitatu
924 1372 1026 1448 atque

53 1446 187 1513 essedis
203 1443 501 1510 circumdederant.

56 1606 61 1613 ,
141 1528 316 1611 XXXIII:¹
368 1529 480 1608 Genus
502 1529 564 1594 boe
586 1534 639 1595 est
660 1550 702 1594 ex
722 1530 850 1594 essedis
876 1551 1024 1616 pugnae:

52 1621 163 1712 primo
184 1642 245 1709 per
269 1628 381 1682 omnes
400 1616 519 1704 portes
542 1617 757 1705 perequitant
777 1625 812 1681 et
832 1619 900 1681 telo
923 1619 1027 1683 eonii-

53 1713 148 1776 oiunt
170 1716 271 1794 atque
292 1706 368 1792 ipso
390 1713 520 1770 terrore
541 1724 701 1791 equorum
723 1712 758 1770 et
774 1705 920 1792 strepitu
934 1715 1028 1772 rota·
1057 1712 1062 1721 '
1122 1740 1126 1759 ι

56 1820 131 1863 rum
147 1796 281 1862 ordines
297 1793 494 1880 plerumque
510 1793 726 1879 perturbant,
747 1800 870 1859 etoum
885 1816 922 1859 se
937 1799 1027 1861 inter

46 1886 210 1972 'equitum
232 1892 364 1948 turmas
384 1880 644 1962 insinuaverint5
670 1904 710 1947 ex
723 1880 852 1947 essedis
867 1881 1027 1974 desiliunt

58 2020 264 2036 Μ

90 2098 159 2175 Cap.
170 2096 285 2152 xxxtl.
318 2100 469 2169 uliquid-
479 2099 593 2167 initum]
625 2095 778 2151 erbin'rende
792 2095 967 2170 *Appositiom
991 2128 1026 2140 -

122 2184 208 2232 aegre
232 2170 386 2240 sustinere]
420 2167 487 2220 iiber
507 2168 556 2219 den
578 2167 717 2219 absoluten
737 2167 881 2221 Gebraucb
900 2168 945 2220 des
964 2168 1025 2224 Ver·
1047 2219 1050 2223 .

121 2236 216 2296 bums,
235 2237 317 2289 Stand
332 2238 432 2295 hatten,
450 2257 469 2288 s.
488 2237 555 2303 Cap.
571 2236 617 2287 XI.
637 2256 664 2308 p.
675 2239 735 2293 123.
755 2256 787 2289 zu
804 2238 972 2292 sustinerent.
990 2270 1026 2283 --

122 2305 251 2374 conserta
270 2309 390 2378 legibue]
414 2306 446 2358 da
465 2304 507 2358 die
525 2305 625 2375 Legion
639 2305 689 2356 auf
698 2306 784 2359 Einen
797 2307 904 2359 Hausen
924 2310 1025 2361 zusam'·

121 2373 308 2447 mengedr'ringt
327 2396 394 2428 war.
426 2374 492 2426 Man
511 2384 633 2425 erwartet
656 2373 683 2424 in
707 2373 854 2425 confertam
879 2374 1024 2443 legionem:

120 2442 200 2495 aliein
218 2441 277 2495 dass
291 2444 376 2495 dieser
388 2439 519 2497 Umstand
533 2441 579 2493 der
593 2440 690 2492 Grund
705 2441 776 2504 war,
795 2459 844 2492 cur
856 2460 886 2492 ex
900 2445 1024 2497 omnibus

120 2511 243 2583 partibus
264 2511 314 2563 tela
334 2512 541 2574 conficerentur,
571 2507 669 2560 bounte
688 2527 743 2561 nur
763 2508 813 2560 aui
829 2509 905 2578 obige
924 2512 1025 2565 Weiss

10 2628 12 2633 ,
112 2578 240 2631 *deutlich
253 2571 408 2632 bemerbbar
421 2578 540 2649 gemacht
552 2576 669 2629 werden.
694 2578 734 2627 Zu
744 2578 841 2631 coniiei
852 2584 959 2698 eupiunt
968 2581 1026 2634 sich
1058 2578 1062 2582 ’

121 2647 193 2699 soin
208 2665 266 2699 eam
282 2666 334 2700 von
348 2647 437 2701 selbst.
462 2674 494 2686 -
529 2649 559 2699 in
572 2646 714 2714 metendo]
737 2644 824 2709 beim,
841 2649 882 2698 wi
904 2647 1023 2700 reud-.

122 2714 450 2769 WeleberUntersehied
470 2715 503 2768 ist
521 2714 653 2769 zwiscbeu
675 2714 803 2784 occupari
823 2714 850 2768 in
864 2734 892 2768 re
907 2716 962 2769 und
974 2721 1024 2772 re?

122 2812 157 2824 -
171 2802 174 2807 ·
190 2784 304 2837 incertis
324 2785 480 2847 ordinibus]
511 2781 537 2835 d.
559 2785 584 2836 b.
605 2802 667 2837 eum
686 2784 780 2836 incerti
801 2784 907 2837 ordines
924 2799 1025 2840 essentz
1106 2820 1111 2827 -

123 2853 156 2906 da
169 2870 232 2905 man
246 2852 318 2906 nicht
331 2863 445 2916 wusste,
462 2870 506 2903 wo
520 2852 574 2904 und
589 2852 639 2904 wie
652 2872 713 2905 man
725 2850 782 2907 sich
796 2852 890 2906 stelien
904 2856 990 2909 solite.

89 2920 155 2993 Cap.
170 2921 296 2974 xxxltl.
339 2942 377 2975 ex
391 2923 496 2974 essedis
505 2923 634 2991 pugnae]
659 2940 679 2973 s.
697 2921 756 2973 Lib.
771 2920 821 2974 ΙΙΙ.
839 2921 905 2993 Gap.
918 2924 976 2977 XX.
995 2946 1024 2997 pv.
1042 2920 1045 2925 ’

121 2993 180 3045 106.
199 3008 232 3043 ru
246 2992 275 3043 in
290 2991 384 3051 itinere
400 3006 495 3062 agmen
511 3001 641 3044 nostrum.
666 2988 744 3043 Was
759 2989 880 3043 bedeutet
893 2992 936 3044 die
949 2980 1025 3046 Prae·
1057 3040 1062 3050 ,

119 3059 258 3131 position?
283 3060 311 3114 S.
330 3062 395 3132 Cap.
411 3058 508 3114 XXIV.
528 3079 555 3131 pt
571 3061 631 3116 136.
649 3076 684 3110 zu
697 3076 726 3109 ex
739 3058 823 3111 arido.
850 3089 885 3100 -
916 3062 1024 3127 primo]
1097 3074 1100 3089 ¹

122 3146 144 3178 s.
166 3127 224 3182 Lib.
239 3129 274 3182 ll.
293 3130 359 3200 Cap.
374 3128 458 3184 XXX.
480 3129 559 3180 snm.
576 3131 601 3183 1.
626 3157 662 3171 -
703 3128 764 3196 rjoso
785 3133 906 3192 terrore]
932 3128 1025 3185 sebon.

75 3201 88 3211 '
123 3196 226 3266 Zumpt
250 3202 277 3263 §.
294 3201 354 3254 695.
378 3226 414 3239 -
453 3208 562 3251 terrore
580 3198 729 3267 equorum]
754 3196 805 3250 wie
823 3196 888 3267 Cap.
904 3194 977 3252 XVI.
996 3219 1024 3271 p.

123 3265 184 3317 128.
210 3283 245 3315 nu
268 3266 489 3340 occupationibus
513 3265 685 3338 reipublicae.
716 3295 752 3305 -
804 3266 1024 3335 insinuaverint]

124 3350 188 3383 eum
207 3333 255 3385 mit
275 3335 336 3388 dem
351 3336 511 3391 Coniunctis
524 3335 638 3389 Perfecti
653 3352 702 3388 nur
714 3333 823 3402 Angsbe
839 3333 1025 3391 wiederboiter

121 3398 272 3469 Ereignisse
285 3405 318 3457 ist
333 3422 423 3473 wegen
438 3404 637 3469 dersbsoiuten
646 3403 801 3470 Bedeutung
813 3400 895 3455 dieses
903 3402 1023 3481 Tempus

123 3467 287 3523 undenbbsr.
314 3474 387 3525 Was
404 3469 822 3529 ConiunctivPerfectiseboim,
838 3471 873 3524 ist
888 3473 1023 3529 Futurum
1053 3512 1059 3517 -
1107 3504 1109 3509 ¹
1136 3522 1139 3529 .

123 3547 258 3590 exactum:
282 3558 344 3593 man
358 3540 442 3593 denke
453 3542 523 3601 sich,
543 3559 607 3594 cum
621 3559 649 3593 se
661 3538 868 3602 insinuaverint,
891 3541 1020 3604 desiliens,

124 3605 193 3659 Dnss
214 3616 275 3658 statt
294 3607 338 3661 des
353 3610 488 3662 Futurum
509 3608 621 3681 simplex
637 3609 683 3661 das
698 3607 824 3661 Praesens
843 3610 923 3672 steht,
946 3620 1023 3685 neugt

122 3693 175 3728 von
194 3675 397 3747 Benegiiobbeit
415 3677 461 3729 der
479 3676 629 3738 Pbantasie,
658 3676 699 3728 die
718 3674 775 3729 sicb
791 3675 897 3731 sennen
912 3694 966 3732 sus
983 3682 1032 3730 bet

122 3743 243 3797 Zubunft
263 3744 359 3800 wieder
378 3745 407 3799 in
424 3746 465 3798 die
479 3746 641 3821 Gegenwsrt
656 3755 776 3799 sersetut
797 3746 862 3799 und
881 3764 916 3799 so
934 3744 988 3797 uui
1003 3744 1056 3791 uss
1133 3752 1143 3759 ·

118 3812 249 3867 Sicberste
262 3814 321 3869 dem
336 3815 486 3873 Gedanberi
501 3838 537 3874 nn
552 3819 597 3873 eiu
607 3812 910 3889 *e'tnntuiigesbnetum
919 3810 1078 3867 wisb-

1127 3920 1143 3961 -d

1105 3972 1111 3987 ·
1124 3970 1143 3991 ι
